[
{"timestamp": "1743933191579", "bids": [[122960000.0, 0.1511], [122956000.0, 0.0], [122950000.0, 0.0057], [122949000.0, 0.0002], [122944000.0, 0.003], [122940000.0, 0.0], [122931000.0, 0.0], [122930000.0, 0.0], [122926000.0, 0.0024], [122918000.0, 0.0]], "asks": [[122968000.0, 0.0], [122970000.0, 0.0004], [122973000.0, 0.0152], [122978000.0, 0.0203], [122980000.0, 0.0004], [122996000.0, 0.1368], [122998000.0, 0.0855], [123000000.0, 0.1072], [123001000.0, 0.0001], [123003000.0, 0.0081]]},
{"timestamp": "1743933192037", "bids": [[122960000.0, 0.1511], [122956000.0, 0.0], [122950000.0, 0.0057], [122949000.0, 0.0002], [122944000.0, 0.003], [122940000.0, 0.0], [122931000.0, 0.0], [122930000.0, 0.0], [122926000.0, 0.0024], [122918000.0, 0.0]], "asks": [[122968000.0, 0.0], [122970000.0, 0.0004], [122973000.0, 0.0152], [122978000.0, 0.0203], [122980000.0, 0.0004], [122995000.0, 0.0855], [122997000.0, 0.1368], [123000000.0, 0.1072], [123001000.0, 0.0001], [123003000.0, 0.0081]]},
{"timestamp": "1743933192553", "bids": [[122960000.0, 0.1511], [122956000.0, 0.0], [122950000.0, 0.0057], [122949000.0, 0.0002], [122944000.0, 0.003], [122940000.0, 0.0], [122931000.0, 0.0], [122930000.0, 0.0], [122926000.0, 0.0024], [122918000.0, 0.0]], "asks": [[122968000.0, 0.0], [122970000.0, 0.0004], [122973000.0, 0.0152], [122978000.0, 0.0203], [122980000.0, 0.0004], [122993000.0, 0.0855], [122995000.0, 0.1368], [123000000.0, 0.1072], [123001000.0, 0.0001], [123003000.0, 0.0081]]},
{"timestamp": "1743933193047", "bids": [[122960000.0, 0.1511], [122956000.0, 0.0], [122950000.0, 0.0057], [122949000.0, 0.0002], [122944000.0, 0.003], [122940000.0, 0.0], [122931000.0, 0.0], [122930000.0, 0.0], [122926000.0, 0.0024], [122918000.0, 0.0]], "asks": [[122968000.0, 0.0], [122970000.0, 0.0004], [122973000.0, 0.0152], [122978000.0, 0.0203], [122980000.0, 0.0004], [123000000.0, 0.1072], [123001000.0, 0.0001], [123003000.0, 0.0081], [123004000.0, 0.0001], [123007000.0, 0.0001]]},
{"timestamp": "1743933193733", "bids": [[122960000.0, 0.1511], [122956000.0, 0.0], [122950000.0, 0.0057], [122949000.0, 0.0002], [122944000.0, 0.003], [122940000.0, 0.0], [122931000.0, 0.0], [122930000.0, 0.0], [122926000.0, 0.0024], [122918000.0, 0.0]], "asks": [[122968000.0, 0.0], [122970000.0, 0.0004], [122973000.0, 0.0152], [122978000.0, 0.0203], [122980000.0, 0.0004], [122997000.0, 0.1368], [123000000.0, 0.1072], [123001000.0, 0.0001], [123003000.0, 0.0081], [123004000.0, 0.0001]]},
{"timestamp": "1743933194106", "bids": [[122960000.0, 0.1511], [122956000.0, 0.0], [122950000.0, 0.0057], [122949000.0, 0.0002], [122944000.0, 0.003], [122940000.0, 0.0], [122931000.0, 0.0], [122930000.0, 0.0], [122926000.0, 0.0024], [122918000.0, 0.0]], "asks": [[122968000.0, 0.0], [122970000.0, 0.0004], [122973000.0, 0.0152], [122978000.0, 0.0203], [122980000.0, 0.0004], [122997000.0, 0.0855], [123000000.0, 0.1072], [123001000.0, 0.0001], [123003000.0, 0.0081], [123004000.0, 0.0001]]},
{"timestamp": "1743933194542", "bids": [[122960000.0, 0.1511], [122956000.0, 0.0], [122950000.0, 0.0057], [122949000.0, 0.0002], [122944000.0, 0.003], [122940000.0, 0.0], [122931000.0, 0.0], [122930000.0, 0.0], [122926000.0, 0.0024], [122918000.0, 0.0]], "asks": [[122968000.0, 0.0], [122970000.0, 0.0004], [122973000.0, 0.0152], [122978000.0, 0.0203], [122980000.0, 0.0004], [122996000.0, 0.1368], [122999000.0, 0.0878], [123000000.0, 0.1072], [123001000.0, 0.0001], [123003000.0, 0.0081]]},
{"timestamp": "1743933195138", "bids": [[122960000.0, 0.1511], [122956000.0, 0.0], [122950000.0, 0.0057], [122949000.0, 0.0002], [122944000.0, 0.003], [122940000.0, 0.0], [122931000.0, 0.0], [122930000.0, 0.0], [122926000.0, 0.0024], [122918000.0, 0.0]], "asks": [[122968000.0, 0.0], [122970000.0, 0.0004], [122973000.0, 0.0152], [122978000.0, 0.0203], [122980000.0, 0.0004], [122998000.0, 0.0855], [122999000.0, 0.1391], [123000000.0, 0.1049], [123001000.0, 0.0001], [123003000.0, 0.0081]]},
{"timestamp": "1743933195561", "bids": [[122960000.0, 0.1511], [122956000.0, 0.0], [122950000.0, 0.0057], [122949000.0, 0.0002], [122944000.0, 0.003], [122940000.0, 0.0], [122931000.0, 0.0], [122930000.0, 0.0], [122926000.0, 0.0024], [122918000.0, 0.0]], "asks": [[122968000.0, 0.0], [122970000.0, 0.0004], [122973000.0, 0.0152], [122978000.0, 0.0203], [122980000.0, 0.0004], [122994000.0, 0.1368], [122997000.0, 0.0855], [122999000.0, 0.0023], [123000000.0, 0.1049], [123001000.0, 0.0001]]},
{"timestamp": "1743933196076", "bids": [[122960000.0, 0.1511], [122956000.0, 0.0], [122950000.0, 0.0057], [122949000.0, 0.0002], [122944000.0, 0.003], [122940000.0, 0.0], [122931000.0, 0.0], [122930000.0, 0.0], [122926000.0, 0.0024], [122918000.0, 0.0]], "asks": [[122968000.0, 0.0], [122970000.0, 0.0004], [122973000.0, 0.0152], [122978000.0, 0.0203], [122980000.0, 0.0004], [122996000.0, 0.1368], [122999000.0, 0.0023], [123000000.0, 0.1049], [123001000.0, 0.0001], [123003000.0, 0.0081]]},
{"timestamp": "1743933196601", "bids": [[122960000.0, 0.1511], [122956000.0, 0.0], [122950000.0, 0.0057], [122949000.0, 0.0002], [122944000.0, 0.003], [122940000.0, 0.0], [122931000.0, 0.0], [122930000.0, 0.0], [122926000.0, 0.0024], [122918000.0, 0.0]], "asks": [[122968000.0, 0.0], [122970000.0, 0.0004], [122973000.0, 0.0152], [122978000.0, 0.0203], [122980000.0, 0.0004], [122995000.0, 0.0855], [122999000.0, 0.0023], [123000000.0, 0.1049], [123001000.0, 0.0001], [123003000.0, 0.0081]]},
{"timestamp": "1743933197124", "bids": [[122960000.0, 0.1511], [122956000.0, 0.0], [122950000.0, 0.0057], [122949000.0, 0.0002], [122944000.0, 0.003], [122940000.0, 0.0], [122931000.0, 0.0], [122930000.0, 0.0], [122926000.0, 0.0024], [122918000.0, 0.0]], "asks": [[122968000.0, 0.0], [122970000.0, 0.0004], [122973000.0, 0.0152], [122978000.0, 0.0203], [122980000.0, 0.0004], [122994000.0, 0.1368], [122999000.0, 0.0878], [123000000.0, 0.1049], [123001000.0, 0.0001], [123003000.0, 0.0081]]},
{"timestamp": "1743933197600", "bids": [[122960000.0, 0.1511], [122956000.0, 0.0], [122950000.0, 0.0057], [122949000.0, 0.0002], [122944000.0, 0.003], [122940000.0, 0.0], [122931000.0, 0.0], [122930000.0, 0.0], [122926000.0, 0.0024], [122918000.0, 0.0]], "asks": [[122968000.0, 0.0], [122970000.0, 0.0004], [122973000.0, 0.0152], [122978000.0, 0.0203], [122980000.0, 0.0004], [122993000.0, 0.0855], [122998000.0, 0.1368], [122999000.0, 0.0023], [123000000.0, 0.1049], [123001000.0, 0.0001]]},
{"timestamp": "1743933198150", "bids": [[122960000.0, 0.1511], [122956000.0, 0.0], [122950000.0, 0.0057], [122949000.0, 0.0002], [122944000.0, 0.003], [122940000.0, 0.0], [122931000.0, 0.0], [122930000.0, 0.0], [122926000.0, 0.0024], [122918000.0, 0.0]], "asks": [[122968000.0, 0.0], [122970000.0, 0.0004], [122973000.0, 0.0152], [122978000.0, 0.0203], [122980000.0, 0.0004], [122997000.0, 0.0855], [122999000.0, 0.0023], [123000000.0, 0.1049], [123001000.0, 0.0001], [123003000.0, 0.0081]]},
{"timestamp": "1743933198644", "bids": [[122960000.0, 0.1511], [122956000.0, 0.0], [122950000.0, 0.0057], [122949000.0, 0.0002], [122944000.0, 0.003], [122940000.0, 0.0], [122931000.0, 0.0], [122930000.0, 0.0], [122926000.0, 0.0024], [122918000.0, 0.0]], "asks": [[122968000.0, 0.0], [122970000.0, 0.0004], [122973000.0, 0.0152], [122978000.0, 0.0203], [122980000.0, 0.0004], [122995000.0, 0.0855], [122996000.0, 0.1368], [122999000.0, 0.0023], [123000000.0, 0.1049], [123001000.0, 0.0001]]},
{"timestamp": "1743933199158", "bids": [[122960000.0, 0.1511], [122956000.0, 0.0], [122950000.0, 0.0057], [122949000.0, 0.0002], [122944000.0, 0.003], [122940000.0, 0.0], [122931000.0, 0.0], [122930000.0, 0.0], [122926000.0, 0.0024], [122918000.0, 0.0]], "asks": [[122968000.0, 0.0], [122970000.0, 0.0004], [122973000.0, 0.0152], [122978000.0, 0.0203], [122980000.0, 0.0004], [122986000.0, 0.1368], [122995000.0, 0.0855], [122999000.0, 0.0023], [123000000.0, 0.1049], [123001000.0, 0.0001]]},
{"timestamp": "1743933199662", "bids": [[122960000.0, 0.1511], [122956000.0, 0.0], [122950000.0, 0.0057], [122949000.0, 0.0002], [122944000.0, 0.003], [122940000.0, 0.0], [122931000.0, 0.0], [122930000.0, 0.0], [122926000.0, 0.0024], [122918000.0, 0.0]], "asks": [[122968000.0, 0.0], [122970000.0, 0.0004], [122973000.0, 0.0152], [122978000.0, 0.0203], [122980000.0, 0.0004], [122985000.0, 0.0855], [122999000.0, 0.0023], [123000000.0, 0.1049], [123001000.0, 0.0001], [123003000.0, 0.0081]]},
{"timestamp": "1743933200149", "bids": [[122960000.0, 0.1511], [122956000.0, 0.0], [122950000.0, 0.0057], [122949000.0, 0.0002], [122944000.0, 0.003], [122940000.0, 0.0], [122931000.0, 0.0], [122930000.0, 0.0], [122926000.0, 0.0024], [122918000.0, 0.0]], "asks": [[122968000.0, 0.0], [122970000.0, 0.0004], [122973000.0, 0.0152], [122978000.0, 0.0203], [122980000.0, 0.0004], [122999000.0, 0.0878], [123000000.0, 0.1049], [123001000.0, 0.0001], [123003000.0, 0.0081], [123004000.0, 0.0001]]},
{"timestamp": "1743933200664", "bids": [[122960000.0, 0.1511], [122956000.0, 0.0], [122950000.0, 0.0057], [122949000.0, 0.0002], [122944000.0, 0.003], [122940000.0, 0.0], [122931000.0, 0.0], [122930000.0, 0.0], [122926000.0, 0.0024], [122918000.0, 0.0]], "asks": [[122968000.0, 0.0], [122970000.0, 0.0004], [122973000.0, 0.0152], [122978000.0, 0.0203], [122980000.0, 0.0004], [122991000.0, 0.0855], [122999000.0, 0.0023], [123000000.0, 0.1049], [123001000.0, 0.0001], [123003000.0, 0.0081]]},
{"timestamp": "1743933201200", "bids": [[122960000.0, 0.1511], [122956000.0, 0.0], [122950000.0, 0.0057], [122949000.0, 0.0002], [122944000.0, 0.003], [122940000.0, 0.0], [122931000.0, 0.0], [122930000.0, 0.0], [122926000.0, 0.0024], [122918000.0, 0.0]], "asks": [[122968000.0, 0.0], [122970000.0, 0.0004], [122973000.0, 0.0152], [122978000.0, 0.0203], [122980000.0, 0.0004], [122990000.0, 0.1368], [122999000.0, 0.0878], [123000000.0, 0.1049], [123001000.0, 0.0001], [123003000.0, 0.0081]]},
{"timestamp": "1743933201703", "bids": [[122960000.0, 0.1511], [122956000.0, 0.0], [122950000.0, 0.0057], [122949000.0, 0.0002], [122944000.0, 0.003], [122940000.0, 0.0], [122931000.0, 0.0], [122930000.0, 0.0], [122926000.0, 0.0024], [122918000.0, 0.0]], "asks": [[122968000.0, 0.0], [122970000.0, 0.0004], [122973000.0, 0.0152], [122978000.0, 0.0203], [122980000.0, 0.0004], [122988000.0, 0.1368], [122997000.0, 0.0855], [122999000.0, 0.0023], [123000000.0, 0.1049], [123001000.0, 0.0001]]},
{"timestamp": "1743933202200", "bids": [[122960000.0, 0.1511], [122956000.0, 0.0], [122950000.0, 0.0057], [122949000.0, 0.0002], [122944000.0, 0.003], [122940000.0, 0.0], [122931000.0, 0.0], [122930000.0, 0.0], [122926000.0, 0.0024], [122918000.0, 0.0]], "asks": [[122968000.0, 0.0], [122970000.0, 0.0004], [122973000.0, 0.0152], [122978000.0, 0.0203], [122980000.0, 0.0004], [122987000.0, 0.0855], [122996000.0, 0.1368], [122999000.0, 0.0023], [123000000.0, 0.1049], [123001000.0, 0.0001]]},
{"timestamp": "1743933202730", "bids": [[122960000.0, 0.1511], [122956000.0, 0.0], [122950000.0, 0.0057], [122949000.0, 0.0002], [122944000.0, 0.003], [122940000.0, 0.0], [122931000.0, 0.0], [122930000.0, 0.0], [122926000.0, 0.0024], [122918000.0, 0.0]], "asks": [[122968000.0, 0.0], [122970000.0, 0.0004], [122973000.0, 0.0152], [122978000.0, 0.0203], [122980000.0, 0.0004], [122986000.0, 0.1368], [122995000.0, 0.0855], [122999000.0, 0.0023], [123000000.0, 0.1049], [123001000.0, 0.0001]]},
{"timestamp": "1743933203243", "bids": [[122960000.0, 0.1511], [122956000.0, 0.0], [122950000.0, 0.0057], [122949000.0, 0.0002], [122944000.0, 0.003], [122940000.0, 0.0], [122931000.0, 0.0], [122930000.0, 0.0], [122926000.0, 0.0024], [122918000.0, 0.0]], "asks": [[122968000.0, 0.0], [122970000.0, 0.0004], [122973000.0, 0.0152], [122978000.0, 0.0203], [122980000.0, 0.0004], [122994000.0, 0.1368], [122999000.0, 0.0023], [123000000.0, 0.1049], [123001000.0, 0.0001], [123003000.0, 0.0081]]},
{"timestamp": "1743933203769", "bids": [[122960000.0, 0.1511], [122956000.0, 0.0], [122950000.0, 0.0057], [122949000.0, 0.0002], [122944000.0, 0.003], [122940000.0, 0.0], [122931000.0, 0.0], [122930000.0, 0.0], [122926000.0, 0.0024], [122918000.0, 0.0]], "asks": [[122973000.0, 0.01], [122978000.0, 0.0203], [122980000.0, 0.0004], [122992000.0, 0.1368], [122998000.0, 0.0855], [122999000.0, 0.0023], [123000000.0, 0.1049], [123001000.0, 0.0001], [123003000.0, 0.0081], [123004000.0, 0.0001]]},
{"timestamp": "1743933204247", "bids": [[122960000.0, 0.1511], [122956000.0, 0.0], [122950000.0, 0.0057], [122949000.0, 0.0002], [122944000.0, 0.003], [122940000.0, 0.0], [122931000.0, 0.0], [122930000.0, 0.0], [122926000.0, 0.0024], [122918000.0, 0.0]], "asks": [[122973000.0, 0.01], [122978000.0, 0.0203], [122980000.0, 0.0004], [122991000.0, 0.0852], [122997000.0, 0.1363], [122999000.0, 0.0023], [123000000.0, 0.1049], [123001000.0, 0.0001], [123003000.0, 0.0081], [123004000.0, 0.0001]]},
{"timestamp": "1743933204747", "bids": [[122960000.0, 0.1511], [122956000.0, 0.0], [122950000.0, 0.0057], [122949000.0, 0.0002], [122944000.0, 0.003], [122940000.0, 0.0], [122931000.0, 0.0], [122930000.0, 0.0], [122926000.0, 0.0024], [122918000.0, 0.0]], "asks": [[122973000.0, 0.01], [122978000.0, 0.0203], [122980000.0, 0.0004], [122990000.0, 0.1363], [122996000.0, 0.0852], [122999000.0, 0.0023], [123000000.0, 0.1049], [123001000.0, 0.0001], [123003000.0, 0.0081], [123004000.0, 0.0001]]},
{"timestamp": "1743933205267", "bids": [[122960000.0, 0.1511], [122956000.0, 0.0], [122950000.0, 0.0057], [122949000.0, 0.0002], [122944000.0, 0.003], [122940000.0, 0.0], [122931000.0, 0.0], [122930000.0, 0.0], [122926000.0, 0.0024], [122918000.0, 0.0]], "asks": [[122973000.0, 0.01], [122978000.0, 0.0203], [122980000.0, 0.0004], [122989000.0, 0.0852], [122995000.0, 0.1363], [122999000.0, 0.0023], [123000000.0, 0.1049], [123001000.0, 0.0001], [123003000.0, 0.0081], [123004000.0, 0.0001]]},
{"timestamp": "1743933205787", "bids": [[122960000.0, 0.1511], [122956000.0, 0.0], [122950000.0, 0.0057], [122949000.0, 0.0002], [122944000.0, 0.003], [122940000.0, 0.0], [122931000.0, 0.0], [122930000.0, 0.0], [122926000.0, 0.0024], [122918000.0, 0.0]], "asks": [[122973000.0, 0.01], [122978000.0, 0.0203], [122980000.0, 0.0004], [122988000.0, 0.1363], [122994000.0, 0.0852], [122999000.0, 0.0023], [123000000.0, 0.1049], [123001000.0, 0.0001], [123003000.0, 0.0081], [123004000.0, 0.0001]]},
{"timestamp": "1743933206322", "bids": [[122960000.0, 0.1511], [122956000.0, 0.0], [122950000.0, 0.0057], [122949000.0, 0.0002], [122944000.0, 0.003], [122940000.0, 0.0], [122931000.0, 0.0], [122930000.0, 0.0], [122926000.0, 0.0024], [122918000.0, 0.0]], "asks": [[122973000.0, 0.01], [122978000.0, 0.0203], [122980000.0, 0.0004], [122992000.0, 0.0852], [122999000.0, 0.1386], [123000000.0, 0.1049], [123001000.0, 0.0001], [123003000.0, 0.0081], [123004000.0, 0.0001], [123007000.0, 0.0001]]},
{"timestamp": "1743933206815", "bids": [[122960000.0, 0.1511], [122956000.0, 0.0], [122950000.0, 0.0057], [122949000.0, 0.0002], [122944000.0, 0.003], [122940000.0, 0.0], [122931000.0, 0.0], [122930000.0, 0.0], [122926000.0, 0.0024], [122918000.0, 0.0]], "asks": [[122973000.0, 0.01], [122978000.0, 0.0203], [122980000.0, 0.0004], [122991000.0, 0.1363], [122998000.0, 0.0852], [122999000.0, 0.0046], [123000000.0, 0.1049], [123001000.0, 0.0001], [123003000.0, 0.0081], [123004000.0, 0.0001]]},
{"timestamp": "1743933207311", "bids": [[122960000.0, 0.1511], [122956000.0, 0.0], [122950000.0, 0.0057], [122949000.0, 0.0002], [122944000.0, 0.003], [122940000.0, 0.0], [122931000.0, 0.0], [122930000.0, 0.0], [122926000.0, 0.0024], [122918000.0, 0.0]], "asks": [[122973000.0, 0.01], [122978000.0, 0.0203], [122980000.0, 0.0004], [122990000.0, 0.0852], [122999000.0, 0.0023], [123000000.0, 0.1049], [123001000.0, 0.0001], [123003000.0, 0.0081], [123004000.0, 0.0001], [123007000.0, 0.0001]]},
{"timestamp": "1743933207841", "bids": [[122960000.0, 0.1511], [122956000.0, 0.0], [122950000.0, 0.0057], [122949000.0, 0.0002], [122944000.0, 0.003], [122940000.0, 0.0], [122931000.0, 0.0], [122930000.0, 0.0], [122926000.0, 0.0024], [122918000.0, 0.0]], "asks": [[122973000.0, 0.01], [122978000.0, 0.0203], [122980000.0, 0.0004], [122995000.0, 0.1363], [122999000.0, 0.0875], [123000000.0, 0.1049], [123001000.0, 0.0001], [123003000.0, 0.0081], [123004000.0, 0.0001], [123007000.0, 0.0001]]},
{"timestamp": "1743933208348", "bids": [[122960000.0, 0.1511], [122956000.0, 0.0], [122950000.0, 0.0057], [122949000.0, 0.0002], [122944000.0, 0.003], [122940000.0, 0.0], [122931000.0, 0.0], [122930000.0, 0.0], [122926000.0, 0.0024], [122918000.0, 0.0]], "asks": [[122973000.0, 0.01], [122978000.0, 0.0203], [122980000.0, 0.0004], [122994000.0, 0.0852], [122998000.0, 0.1363], [122999000.0, 0.0023], [123000000.0, 0.1049], [123001000.0, 0.0001], [123003000.0, 0.0081], [123004000.0, 0.0001]]},
{"timestamp": "1743933208865", "bids": [[122960000.0, 0.1511], [122956000.0, 0.0], [122950000.0, 0.0057], [122949000.0, 0.0002], [122944000.0, 0.003], [122940000.0, 0.0], [122931000.0, 0.0], [122930000.0, 0.0], [122926000.0, 0.0024], [122918000.0, 0.0]], "asks": [[122973000.0, 0.01], [122978000.0, 0.0203], [122980000.0, 0.0004], [122993000.0, 0.1363], [122999000.0, 0.0023], [123000000.0, 0.1049], [123001000.0, 0.0001], [123003000.0, 0.0081], [123004000.0, 0.0001], [123007000.0, 0.0001]]},
{"timestamp": "1743933209375", "bids": [[122960000.0, 0.1511], [122956000.0, 0.0], [122950000.0, 0.0057], [122949000.0, 0.0002], [122944000.0, 0.003], [122940000.0, 0.0], [122931000.0, 0.0], [122930000.0, 0.0], [122926000.0, 0.0024], [122918000.0, 0.0]], "asks": [[122973000.0, 0.01], [122978000.0, 0.0203], [122980000.0, 0.0004], [122995000.0, 0.0852], [122999000.0, 0.1386], [123000000.0, 0.1049], [123001000.0, 0.0001], [123003000.0, 0.0081], [123004000.0, 0.0001], [123007000.0, 0.0001]]},
{"timestamp": "1743933209871", "bids": [[122960000.0, 0.1511], [122956000.0, 0.0], [122950000.0, 0.0057], [122949000.0, 0.0002], [122944000.0, 0.003], [122940000.0, 0.0], [122931000.0, 0.0], [122930000.0, 0.0], [122926000.0, 0.0024], [122918000.0, 0.0]], "asks": [[122973000.0, 0.01], [122978000.0, 0.0203], [122980000.0, 0.0004], [122994000.0, 0.1363], [122998000.0, 0.0852], [122999000.0, 0.0023], [123000000.0, 0.1049], [123001000.0, 0.0001], [123003000.0, 0.0081], [123004000.0, 0.0001]]},
{"timestamp": "1743933210375", "bids": [[122960000.0, 0.1511], [122956000.0, 0.0], [122950000.0, 0.0057], [122949000.0, 0.0002], [122944000.0, 0.003], [122940000.0, 0.0], [122931000.0, 0.0], [122930000.0, 0.0], [122926000.0, 0.0024], [122918000.0, 0.0]], "asks": [[122973000.0, 0.01], [122978000.0, 0.0203], [122980000.0, 0.0004], [122993000.0, 0.0852], [122997000.0, 0.1363], [122999000.0, 0.0023], [123000000.0, 0.1049], [123001000.0, 0.0001], [123003000.0, 0.0081], [123004000.0, 0.0001]]},
{"timestamp": "1743933210905", "bids": [[122960000.0, 0.1511], [122956000.0, 0.0], [122950000.0, 0.0057], [122949000.0, 0.0002], [122944000.0, 0.003], [122940000.0, 0.0], [122931000.0, 0.0], [122930000.0, 0.0], [122926000.0, 0.0024], [122918000.0, 0.0]], "asks": [[122973000.0, 0.01], [122978000.0, 0.0203], [122980000.0, 0.0004], [122992000.0, 0.1363], [122996000.0, 0.0852], [122999000.0, 0.0023], [123000000.0, 0.1049], [123001000.0, 0.0001], [123003000.0, 0.0081], [123004000.0, 0.0001]]},
{"timestamp": "1743933211400", "bids": [[122960000.0, 0.1511], [122956000.0, 0.0], [122950000.0, 0.0057], [122949000.0, 0.0002], [122944000.0, 0.003], [122940000.0, 0.0], [122931000.0, 0.0], [122930000.0, 0.0], [122926000.0, 0.0024], [122918000.0, 0.0]], "asks": [[122973000.0, 0.01], [122978000.0, 0.0203], [122980000.0, 0.0004], [122991000.0, 0.0852], [122995000.0, 0.1363], [122999000.0, 0.0023], [123000000.0, 0.1049], [123001000.0, 0.0001], [123003000.0, 0.0081], [123004000.0, 0.0001]]},
{"timestamp": "1743933211921", "bids": [[122960000.0, 0.1511], [122956000.0, 0.0], [122950000.0, 0.0057], [122949000.0, 0.0002], [122944000.0, 0.003], [122940000.0, 0.0], [122931000.0, 0.0], [122930000.0, 0.0], [122926000.0, 0.0024], [122918000.0, 0.0]], "asks": [[122973000.0, 0.01], [122978000.0, 0.0203], [122980000.0, 0.0004], [122990000.0, 0.1363], [122994000.0, 0.0852], [122999000.0, 0.0023], [123000000.0, 0.1049], [123001000.0, 0.0001], [123003000.0, 0.0081], [123004000.0, 0.0001]]},
{"timestamp": "1743933212464", "bids": [[122960000.0, 0.1511], [122956000.0, 0.0], [122950000.0, 0.0057], [122949000.0, 0.0002], [122944000.0, 0.003], [122940000.0, 0.0], [122931000.0, 0.0], [122930000.0, 0.0], [122926000.0, 0.0024], [122918000.0, 0.0]], "asks": [[122973000.0, 0.01], [122978000.0, 0.0203], [122980000.0, 0.0004], [122988000.0, 0.1363], [122992000.0, 0.0852], [122999000.0, 0.0023], [123000000.0, 0.1049], [123001000.0, 0.0001], [123003000.0, 0.0081], [123004000.0, 0.0001]]},
{"timestamp": "1743933212963", "bids": [[122960000.0, 0.1511], [122956000.0, 0.0], [122950000.0, 0.0057], [122949000.0, 0.0002], [122944000.0, 0.003], [122940000.0, 0.0], [122931000.0, 0.0], [122930000.0, 0.0], [122926000.0, 0.0024], [122918000.0, 0.0]], "asks": [[122973000.0, 0.01], [122978000.0, 0.0203], [122980000.0, 0.0004], [122991000.0, 0.1363], [122999000.0, 0.0023], [123000000.0, 0.1049], [123001000.0, 0.0001], [123003000.0, 0.0081], [123004000.0, 0.0001], [123007000.0, 0.0001]]},
{"timestamp": "1743933213483", "bids": [[122960000.0, 0.1511], [122956000.0, 0.0], [122950000.0, 0.0057], [122949000.0, 0.0002], [122944000.0, 0.003], [122940000.0, 0.0], [122931000.0, 0.0], [122930000.0, 0.0], [122926000.0, 0.0024], [122918000.0, 0.0]], "asks": [[122973000.0, 0.01], [122978000.0, 0.0203], [122980000.0, 0.0004], [122989000.0, 0.1363], [122998000.0, 0.0852], [123000000.0, 0.1072], [123001000.0, 0.0001], [123003000.0, 0.0081], [123004000.0, 0.0001], [123007000.0, 0.0001]]},
{"timestamp": "1743933213980", "bids": [[122960000.0, 0.1511], [122956000.0, 0.0], [122950000.0, 0.0057], [122949000.0, 0.0002], [122944000.0, 0.003], [122940000.0, 0.0], [122931000.0, 0.0], [122930000.0, 0.0], [122926000.0, 0.0024], [122918000.0, 0.0]], "asks": [[122973000.0, 0.01], [122978000.0, 0.0203], [122980000.0, 0.0004], [122988000.0, 0.0852], [122997000.0, 0.1363], [123000000.0, 0.1072], [123001000.0, 0.0001], [123003000.0, 0.0081], [123004000.0, 0.0001], [123007000.0, 0.0001]]},
{"timestamp": "1743933214498", "bids": [[122960000.0, 0.1511], [122956000.0, 0.0], [122950000.0, 0.0057], [122949000.0, 0.0002], [122944000.0, 0.003], [122940000.0, 0.0], [122931000.0, 0.0], [122930000.0, 0.0], [122926000.0, 0.0024], [122918000.0, 0.0]], "asks": [[122973000.0, 0.01], [122978000.0, 0.0203], [122980000.0, 0.0004], [122987000.0, 0.1363], [122996000.0, 0.0852], [123000000.0, 0.1072], [123001000.0, 0.0001], [123003000.0, 0.0081], [123004000.0, 0.0001], [123007000.0, 0.0001]]},
{"timestamp": "1743933214989", "bids": [[122960000.0, 0.1511], [122956000.0, 0.0], [122950000.0, 0.0057], [122949000.0, 0.0002], [122944000.0, 0.003], [122940000.0, 0.0], [122931000.0, 0.0], [122930000.0, 0.0], [122926000.0, 0.0024], [122918000.0, 0.0]], "asks": [[122973000.0, 0.01], [122978000.0, 0.0203], [122980000.0, 0.0004], [122995000.0, 0.1363], [123000000.0, 0.1072], [123001000.0, 0.0001], [123003000.0, 0.0081], [123004000.0, 0.0001], [123007000.0, 0.0001], [123008000.0, 0.0081]]},
{"timestamp": "1743933215524", "bids": [[122960000.0, 0.1511], [122956000.0, 0.0], [122950000.0, 0.0057], [122949000.0, 0.0002], [122944000.0, 0.003], [122940000.0, 0.0], [122931000.0, 0.0], [122930000.0, 0.0], [122926000.0, 0.0024], [122918000.0, 0.0]], "asks": [[122973000.0, 0.01], [122978000.0, 0.0203], [122980000.0, 0.0004], [122994000.0, 0.0852], [122999000.0, 0.1363], [123000000.0, 0.1072], [123001000.0, 0.0001], [123003000.0, 0.0081], [123004000.0, 0.0001], [123007000.0, 0.0001]]},
{"timestamp": "1743933216003", "bids": [[122960000.0, 0.1511], [122956000.0, 0.0], [122950000.0, 0.0057], [122949000.0, 0.0002], [122944000.0, 0.003], [122940000.0, 0.0], [122931000.0, 0.0], [122930000.0, 0.0], [122926000.0, 0.0024], [122918000.0, 0.0]], "asks": [[122973000.0, 0.01], [122978000.0, 0.0203], [122980000.0, 0.0004], [122993000.0, 0.1363], [122998000.0, 0.0852], [123000000.0, 0.1072], [123001000.0, 0.0001], [123003000.0, 0.0081], [123004000.0, 0.0001], [123007000.0, 0.0001]]},
{"timestamp": "1743933216532", "bids": [[122960000.0, 0.1511], [122956000.0, 0.0], [122950000.0, 0.0057], [122949000.0, 0.0002], [122944000.0, 0.003], [122940000.0, 0.0], [122931000.0, 0.0], [122930000.0, 0.0], [122926000.0, 0.0024], [122918000.0, 0.0]], "asks": [[122973000.0, 0.01], [122978000.0, 0.0203], [122980000.0, 0.0004], [122991000.0, 0.1363], [122995000.0, 0.0852], [122999000.0, 0.0023], [123000000.0, 0.1049], [123001000.0, 0.0001], [123003000.0, 0.0081], [123004000.0, 0.0001]]},
{"timestamp": "1743933217057", "bids": [[122960000.0, 0.1511], [122956000.0, 0.0], [122950000.0, 0.0057], [122949000.0, 0.0002], [122944000.0, 0.003], [122940000.0, 0.0], [122931000.0, 0.0], [122930000.0, 0.0], [122926000.0, 0.0024], [122918000.0, 0.0]], "asks": [[122973000.0, 0.01], [122978000.0, 0.0203], [122980000.0, 0.0004], [122994000.0, 0.1363], [122996000.0, 0.0852], [122999000.0, 0.0023], [123000000.0, 0.1049], [123001000.0, 0.0001], [123003000.0, 0.0081], [123004000.0, 0.0001]]},
{"timestamp": "1743933217567", "bids": [[122960000.0, 0.1511], [122956000.0, 0.0], [122950000.0, 0.0057], [122949000.0, 0.0002], [122944000.0, 0.003], [122940000.0, 0.0], [122931000.0, 0.0], [122930000.0, 0.0], [122926000.0, 0.0024], [122918000.0, 0.0]], "asks": [[122973000.0, 0.01], [122978000.0, 0.0203], [122980000.0, 0.0004], [122989000.0, 0.1363], [122993000.0, 0.0852], [122999000.0, 0.0023], [123000000.0, 0.1049], [123001000.0, 0.0001], [123003000.0, 0.0081], [123004000.0, 0.0001]]},
{"timestamp": "1743933218091", "bids": [[122960000.0, 0.1511], [122956000.0, 0.0], [122950000.0, 0.0057], [122949000.0, 0.0002], [122944000.0, 0.003], [122940000.0, 0.0], [122931000.0, 0.0], [122930000.0, 0.0], [122926000.0, 0.0024], [122918000.0, 0.0]], "asks": [[122973000.0, 0.01], [122978000.0, 0.0203], [122980000.0, 0.0004], [122988000.0, 0.0852], [122993000.0, 0.1363], [122999000.0, 0.0023], [123000000.0, 0.1049], [123001000.0, 0.0001], [123003000.0, 0.0081], [123004000.0, 0.0001]]},
{"timestamp": "1743933218598", "bids": [[122960000.0, 0.1511], [122956000.0, 0.0], [122950000.0, 0.0057], [122949000.0, 0.0002], [122944000.0, 0.003], [122940000.0, 0.0], [122931000.0, 0.0], [122930000.0, 0.0], [122926000.0, 0.0024], [122918000.0, 0.0]], "asks": [[122973000.0, 0.0087], [122978000.0, 0.0203], [122980000.0, 0.0004], [122992000.0, 0.0852], [122999000.0, 0.0023], [123000000.0, 0.1049], [123001000.0, 0.0001], [123003000.0, 0.0081], [123004000.0, 0.0001], [123007000.0, 0.0001]]},
{"timestamp": "1743933219089", "bids": [[122960000.0, 0.1511], [122956000.0, 0.0], [122950000.0, 0.0057], [122949000.0, 0.0002], [122944000.0, 0.003], [122940000.0, 0.0], [122931000.0, 0.0], [122930000.0, 0.0], [122926000.0, 0.0024], [122918000.0, 0.0]], "asks": [[122973000.0, 0.0087], [122978000.0, 0.0203], [122980000.0, 0.0004], [122991000.0, 0.1363], [122999000.0, 0.0875], [123000000.0, 0.1049], [123001000.0, 0.0001], [123003000.0, 0.0081], [123004000.0, 0.0001], [123007000.0, 0.0001]]},
{"timestamp": "1743933219628", "bids": [[122960000.0, 0.1511], [122956000.0, 0.0], [122950000.0, 0.0057], [122949000.0, 0.0002], [122944000.0, 0.003], [122940000.0, 0.0], [122931000.0, 0.0], [122930000.0, 0.0], [122926000.0, 0.0024], [122918000.0, 0.0]], "asks": [[122973000.0, 0.0087], [122978000.0, 0.0203], [122980000.0, 0.0004], [122990000.0, 0.0852], [122998000.0, 0.1363], [122999000.0, 0.0023], [123000000.0, 0.1049], [123001000.0, 0.0001], [123003000.0, 0.0081], [123004000.0, 0.0001]]},
{"timestamp": "1743933220113", "bids": [[122960000.0, 0.1511], [122956000.0, 0.0], [122950000.0, 0.0057], [122949000.0, 0.0002], [122944000.0, 0.003], [122940000.0, 0.0], [122931000.0, 0.0], [122930000.0, 0.0], [122926000.0, 0.0024], [122918000.0, 0.0]], "asks": [[122973000.0, 0.0087], [122978000.0, 0.0203], [122980000.0, 0.0004], [122987000.0, 0.0852], [122997000.0, 0.1363], [122999000.0, 0.0023], [123000000.0, 0.1049], [123001000.0, 0.0001], [123003000.0, 0.0081], [123004000.0, 0.0001]]},
{"timestamp": "1743933220640", "bids": [[122960000.0, 0.1511], [122956000.0, 0.0], [122950000.0, 0.0057], [122949000.0, 0.0002], [122944000.0, 0.003], [122940000.0, 0.0], [122931000.0, 0.0], [122930000.0, 0.0], [122926000.0, 0.0024], [122918000.0, 0.0]], "asks": [[122973000.0, 0.0087], [122978000.0, 0.0203], [122980000.0, 0.0004], [122986000.0, 0.1363], [122988000.0, 0.0852], [122999000.0, 0.0023], [123000000.0, 0.1049], [123001000.0, 0.0001], [123003000.0, 0.0081], [123004000.0, 0.0001]]},
{"timestamp": "1743933221163", "bids": [[122960000.0, 0.1511], [122956000.0, 0.0], [122950000.0, 0.0057], [122949000.0, 0.0002], [122944000.0, 0.003], [122940000.0, 0.0], [122931000.0, 0.0], [122930000.0, 0.0], [122926000.0, 0.0024], [122918000.0, 0.0]], "asks": [[122973000.0, 0.0087], [122978000.0, 0.0203], [122980000.0, 0.0004], [122998000.0, 0.0852], [122999000.0, 0.0023], [123000000.0, 0.1049], [123001000.0, 0.0001], [123003000.0, 0.0081], [123004000.0, 0.0001], [123007000.0, 0.0001]]},
{"timestamp": "1743933221665", "bids": [[122960000.0, 0.1511], [122956000.0, 0.0], [122950000.0, 0.0057], [122949000.0, 0.0002], [122944000.0, 0.003], [122940000.0, 0.0], [122931000.0, 0.0], [122930000.0, 0.0], [122926000.0, 0.0024], [122918000.0, 0.0]], "asks": [[122973000.0, 0.0087], [122978000.0, 0.0203], [122980000.0, 0.0004], [122997000.0, 0.1363], [122999000.0, 0.0875], [123000000.0, 0.1049], [123001000.0, 0.0001], [123003000.0, 0.0081], [123004000.0, 0.0001], [123007000.0, 0.0001]]},
{"timestamp": "1743933222175", "bids": [[122960000.0, 0.1511], [122956000.0, 0.0], [122950000.0, 0.0057], [122949000.0, 0.0002], [122944000.0, 0.003], [122940000.0, 0.0], [122931000.0, 0.0], [122930000.0, 0.0], [122926000.0, 0.0024], [122918000.0, 0.0]], "asks": [[122973000.0, 0.0087], [122978000.0, 0.0203], [122980000.0, 0.0004], [122996000.0, 0.0852], [122998000.0, 0.1363], [122999000.0, 0.0023], [123000000.0, 0.1049], [123001000.0, 0.0001], [123003000.0, 0.0081], [123004000.0, 0.0001]]},
{"timestamp": "1743933222667", "bids": [[122960000.0, 0.1511], [122956000.0, 0.0], [122950000.0, 0.0057], [122949000.0, 0.0002], [122944000.0, 0.003], [122940000.0, 0.0], [122931000.0, 0.0], [122930000.0, 0.0], [122926000.0, 0.0024], [122918000.0, 0.0]], "asks": [[122973000.0, 0.0087], [122978000.0, 0.0203], [122980000.0, 0.0004], [122995000.0, 0.1363], [122999000.0, 0.0023], [123000000.0, 0.1049], [123001000.0, 0.0001], [123003000.0, 0.0081], [123004000.0, 0.0001], [123007000.0, 0.0001]]},
{"timestamp": "1743933223198", "bids": [[122960000.0, 0.1511], [122956000.0, 0.0], [122950000.0, 0.0057], [122949000.0, 0.0002], [122944000.0, 0.003], [122940000.0, 0.0], [122931000.0, 0.0], [122930000.0, 0.0], [122926000.0, 0.0024], [122918000.0, 0.0]], "asks": [[122973000.0, 0.0087], [122978000.0, 0.0203], [122980000.0, 0.0004], [122994000.0, 0.0852], [122999000.0, 0.1386], [123000000.0, 0.1049], [123001000.0, 0.0001], [123003000.0, 0.0081], [123004000.0, 0.0001], [123007000.0, 0.0001]]},
{"timestamp": "1743933223696", "bids": [[122960000.0, 0.1511], [122956000.0, 0.0], [122950000.0, 0.0057], [122949000.0, 0.0002], [122944000.0, 0.003], [122940000.0, 0.0], [122931000.0, 0.0], [122930000.0, 0.0], [122926000.0, 0.0024], [122918000.0, 0.0]], "asks": [[122973000.0, 0.0087], [122978000.0, 0.0203], [122980000.0, 0.0004], [122993000.0, 0.1363], [122998000.0, 0.0852], [122999000.0, 0.0023], [123000000.0, 0.1049], [123001000.0, 0.0001], [123003000.0, 0.0081], [123004000.0, 0.0001]]},
{"timestamp": "1743933224199", "bids": [[122960000.0, 0.1511], [122956000.0, 0.0], [122950000.0, 0.0057], [122949000.0, 0.0002], [122944000.0, 0.003], [122940000.0, 0.0], [122931000.0, 0.0], [122930000.0, 0.0], [122926000.0, 0.0024], [122918000.0, 0.0]], "asks": [[122973000.0, 0.0085], [122978000.0, 0.0203], [122980000.0, 0.0004], [122992000.0, 0.0852], [122997000.0, 0.1363], [122999000.0, 0.0023], [123000000.0, 0.1049], [123001000.0, 0.0001], [123003000.0, 0.0081], [123004000.0, 0.0001]]},
{"timestamp": "1743933224729", "bids": [[122960000.0, 0.1511], [122956000.0, 0.0], [122950000.0, 0.0057], [122949000.0, 0.0002], [122944000.0, 0.003], [122940000.0, 0.0], [122931000.0, 0.0], [122930000.0, 0.0], [122926000.0, 0.0024], [122918000.0, 0.0]], "asks": [[122973000.0, 0.0085], [122978000.0, 0.0203], [122980000.0, 0.0004], [122993000.0, 0.1363], [122996000.0, 0.0852], [122999000.0, 0.0023], [123000000.0, 0.1049], [123001000.0, 0.0001], [123003000.0, 0.0081], [123004000.0, 0.0001]]},
{"timestamp": "1743933225245", "bids": [[122960000.0, 0.1511], [122956000.0, 0.0], [122950000.0, 0.0057], [122949000.0, 0.0002], [122944000.0, 0.003], [122940000.0, 0.0], [122931000.0, 0.0], [122930000.0, 0.0], [122926000.0, 0.0024], [122918000.0, 0.0]], "asks": [[122973000.0, 0.0085], [122978000.0, 0.0203], [122980000.0, 0.0004], [122989000.0, 0.1363], [122992000.0, 0.0852], [122999000.0, 0.0023], [123000000.0, 0.1049], [123001000.0, 0.0001], [123003000.0, 0.0081], [123004000.0, 0.0001]]},
{"timestamp": "1743933225729", "bids": [[122960000.0, 0.1511], [122956000.0, 0.0], [122950000.0, 0.0057], [122949000.0, 0.0002], [122944000.0, 0.003], [122940000.0, 0.0], [122931000.0, 0.0], [122930000.0, 0.0], [122926000.0, 0.0024], [122918000.0, 0.0]], "asks": [[122973000.0, 0.0085], [122978000.0, 0.0203], [122980000.0, 0.0004], [122988000.0, 0.0852], [122991000.0, 0.1363], [122999000.0, 0.0023], [123000000.0, 0.1049], [123001000.0, 0.0001], [123003000.0, 0.0081], [123004000.0, 0.0001]]},
{"timestamp": "1743933226255", "bids": [[122960000.0, 0.1511], [122956000.0, 0.0], [122950000.0, 0.0057], [122949000.0, 0.0002], [122944000.0, 0.003], [122940000.0, 0.0], [122931000.0, 0.0], [122930000.0, 0.0], [122926000.0, 0.0024], [122918000.0, 0.0]], "asks": [[122973000.0, 0.0085], [122978000.0, 0.0203], [122980000.0, 0.0004], [122999000.0, 0.0023], [123000000.0, 0.1049], [123001000.0, 0.0001], [123003000.0, 0.0081], [123004000.0, 0.0001], [123007000.0, 0.0001], [123008000.0, 0.0081]]},
{"timestamp": "1743933226746", "bids": [[122960000.0, 0.1511], [122956000.0, 0.0], [122950000.0, 0.0057], [122949000.0, 0.0002], [122944000.0, 0.003], [122940000.0, 0.0], [122931000.0, 0.0], [122930000.0, 0.0], [122926000.0, 0.0024], [122918000.0, 0.0]], "asks": [[122973000.0, 0.0085], [122978000.0, 0.0203], [122980000.0, 0.0004], [122999000.0, 0.2238], [123000000.0, 0.1049], [123001000.0, 0.0001], [123003000.0, 0.0081], [123004000.0, 0.0001], [123007000.0, 0.0001], [123008000.0, 0.0081]]},
{"timestamp": "1743933227285", "bids": [[122960000.0, 0.1511], [122956000.0, 0.0], [122950000.0, 0.0057], [122949000.0, 0.0002], [122944000.0, 0.003], [122940000.0, 0.0], [122931000.0, 0.0], [122930000.0, 0.0], [122926000.0, 0.0024], [122918000.0, 0.0]], "asks": [[122973000.0, 0.0085], [122978000.0, 0.0203], [122980000.0, 0.0004], [122987000.0, 0.1363], [122998000.0, 0.0852], [122999000.0, 0.0023], [123000000.0, 0.1049], [123001000.0, 0.0001], [123003000.0, 0.0081], [123004000.0, 0.0001]]},
{"timestamp": "1743933227801", "bids": [[122960000.0, 0.1511], [122956000.0, 0.0], [122950000.0, 0.0057], [122949000.0, 0.0002], [122944000.0, 0.003], [122940000.0, 0.0], [122931000.0, 0.0], [122930000.0, 0.0], [122926000.0, 0.0024], [122918000.0, 0.0]], "asks": [[122973000.0, 0.0085], [122978000.0, 0.0203], [122980000.0, 0.0004], [122997000.0, 0.1363], [122999000.0, 0.0875], [123000000.0, 0.1049], [123001000.0, 0.0001], [123003000.0, 0.0081], [123004000.0, 0.0001], [123007000.0, 0.0001]]},
{"timestamp": "1743933228327", "bids": [[122960000.0, 0.1511], [122956000.0, 0.0], [122950000.0, 0.0057], [122949000.0, 0.0002], [122944000.0, 0.003], [122940000.0, 0.0], [122931000.0, 0.0], [122930000.0, 0.0], [122926000.0, 0.0024], [122918000.0, 0.0]], "asks": [[122973000.0, 0.0085], [122978000.0, 0.0203], [122980000.0, 0.0004], [122995000.0, 0.0852], [122999000.0, 0.1386], [123000000.0, 0.1049], [123001000.0, 0.0001], [123003000.0, 0.0081], [123004000.0, 0.0001], [123007000.0, 0.0001]]},
{"timestamp": "1743933228802", "bids": [[122960000.0, 0.1511], [122956000.0, 0.0], [122950000.0, 0.0057], [122949000.0, 0.0002], [122944000.0, 0.003], [122940000.0, 0.0], [122931000.0, 0.0], [122930000.0, 0.0], [122926000.0, 0.0024], [122918000.0, 0.0]], "asks": [[122973000.0, 0.0085], [122978000.0, 0.0203], [122980000.0, 0.0004], [122994000.0, 0.1363], [122999000.0, 0.0023], [123000000.0, 0.1049], [123001000.0, 0.0001], [123003000.0, 0.0081], [123004000.0, 0.0001], [123007000.0, 0.0001]]},
{"timestamp": "1743933229335", "bids": [[122960000.0, 0.1511], [122956000.0, 0.0], [122950000.0, 0.0057], [122949000.0, 0.0002], [122944000.0, 0.003], [122940000.0, 0.0], [122931000.0, 0.0], [122930000.0, 0.0], [122926000.0, 0.0024], [122918000.0, 0.0]], "asks": [[122973000.0, 0.0085], [122978000.0, 0.0203], [122980000.0, 0.0004], [122993000.0, 0.0852], [122999000.0, 0.1386], [123000000.0, 0.1049], [123001000.0, 0.0001], [123003000.0, 0.0081], [123004000.0, 0.0001], [123007000.0, 0.0001]]},
{"timestamp": "1743933229856", "bids": [[122960000.0, 0.1511], [122956000.0, 0.0], [122950000.0, 0.0057], [122949000.0, 0.0002], [122944000.0, 0.003], [122940000.0, 0.0], [122931000.0, 0.0], [122930000.0, 0.0], [122926000.0, 0.0024], [122918000.0, 0.0]], "asks": [[122973000.0, 0.0085], [122978000.0, 0.0203], [122980000.0, 0.0004], [122992000.0, 0.1363], [122998000.0, 0.0852], [122999000.0, 0.0023], [123000000.0, 0.1049], [123001000.0, 0.0001], [123003000.0, 0.0081], [123004000.0, 0.0001]]},
{"timestamp": "1743933230354", "bids": [[122960000.0, 0.1511], [122956000.0, 0.0], [122950000.0, 0.0057], [122949000.0, 0.0002], [122944000.0, 0.003], [122940000.0, 0.0], [122931000.0, 0.0], [122930000.0, 0.0], [122926000.0, 0.0024], [122918000.0, 0.0]], "asks": [[122973000.0, 0.008], [122978000.0, 0.0203], [122980000.0, 0.0004], [122991000.0, 0.0852], [122997000.0, 0.1363], [122999000.0, 0.0023], [123000000.0, 0.1049], [123001000.0, 0.0001], [123003000.0, 0.0081], [123004000.0, 0.0001]]},
{"timestamp": "1743933230873", "bids": [[122968000.0, 0.0001], [122960000.0, 0.1511], [122956000.0, 0.0], [122950000.0, 0.0057], [122949000.0, 0.0002], [122944000.0, 0.003], [122940000.0, 0.0], [122931000.0, 0.0], [122930000.0, 0.0], [122926000.0, 0.0024]], "asks": [[122973000.0, 0.008], [122978000.0, 0.0203], [122980000.0, 0.0004], [122999000.0, 0.2238], [123000000.0, 0.1049], [123001000.0, 0.0001], [123003000.0, 0.0081], [123004000.0, 0.0001], [123007000.0, 0.0001], [123008000.0, 0.0081]]},
{"timestamp": "1743933231387", "bids": [[122968000.0, 0.0001], [122960000.0, 0.1511], [122956000.0, 0.0], [122950000.0, 0.0057], [122949000.0, 0.0002], [122944000.0, 0.003], [122940000.0, 0.0], [122931000.0, 0.0], [122930000.0, 0.0], [122926000.0, 0.0024]], "asks": [[122973000.0, 0.008], [122978000.0, 0.0203], [122980000.0, 0.0004], [122998000.0, 0.2215], [122999000.0, 0.0023], [123000000.0, 0.1049], [123001000.0, 0.0001], [123003000.0, 0.0081], [123004000.0, 0.0001], [123007000.0, 0.0001]]},
{"timestamp": "1743933231905", "bids": [[122968000.0, 0.0001], [122960000.0, 0.1511], [122956000.0, 0.0], [122950000.0, 0.0057], [122949000.0, 0.0002], [122944000.0, 0.003], [122940000.0, 0.0], [122931000.0, 0.0], [122930000.0, 0.0], [122926000.0, 0.0024]], "asks": [[122973000.0, 0.008], [122978000.0, 0.0203], [122980000.0, 0.0004], [122997000.0, 0.2215], [122999000.0, 0.0023], [123000000.0, 0.1049], [123001000.0, 0.0001], [123003000.0, 0.0081], [123004000.0, 0.0001], [123007000.0, 0.0001]]},
{"timestamp": "1743933232398", "bids": [[122968000.0, 0.0001], [122960000.0, 0.1511], [122956000.0, 0.0], [122950000.0, 0.0057], [122949000.0, 0.0002], [122944000.0, 0.003], [122940000.0, 0.0], [122931000.0, 0.0], [122930000.0, 0.0], [122926000.0, 0.0024]], "asks": [[122973000.0, 0.008], [122978000.0, 0.0203], [122980000.0, 0.0004], [122996000.0, 0.2215], [122999000.0, 0.0023], [123000000.0, 0.1049], [123001000.0, 0.0001], [123003000.0, 0.0081], [123004000.0, 0.0001], [123007000.0, 0.0001]]},
{"timestamp": "1743933232939", "bids": [[122968000.0, 0.0001], [122960000.0, 0.1511], [122956000.0, 0.0], [122950000.0, 0.0057], [122949000.0, 0.0002], [122944000.0, 0.003], [122940000.0, 0.0], [122931000.0, 0.0], [122930000.0, 0.0], [122926000.0, 0.0024]], "asks": [[122973000.0, 0.008], [122978000.0, 0.0203], [122980000.0, 0.0004], [122995000.0, 0.2215], [122999000.0, 0.0023], [123000000.0, 0.1049], [123001000.0, 0.0001], [123003000.0, 0.0081], [123004000.0, 0.0001], [123007000.0, 0.0001]]},
{"timestamp": "1743933233418", "bids": [[122968000.0, 0.0001], [122960000.0, 0.1511], [122956000.0, 0.0], [122950000.0, 0.0057], [122949000.0, 0.0002], [122944000.0, 0.003], [122940000.0, 0.0], [122931000.0, 0.0], [122930000.0, 0.0], [122926000.0, 0.0024]], "asks": [[122973000.0, 0.008], [122978000.0, 0.0203], [122980000.0, 0.0004], [122994000.0, 0.2215], [122999000.0, 0.0023], [123000000.0, 0.1049], [123001000.0, 0.0001], [123003000.0, 0.0081], [123004000.0, 0.0001], [123007000.0, 0.0001]]},
{"timestamp": "1743933233950", "bids": [[122968000.0, 0.0001], [122960000.0, 0.1511], [122956000.0, 0.0], [122950000.0, 0.0057], [122949000.0, 0.0002], [122944000.0, 0.003], [122940000.0, 0.0], [122931000.0, 0.0], [122930000.0, 0.0], [122926000.0, 0.0024]], "asks": [[122973000.0, 0.008], [122978000.0, 0.0203], [122980000.0, 0.0004], [122999000.0, 0.0023], [123000000.0, 0.1049], [123001000.0, 0.0001], [123003000.0, 0.0081], [123004000.0, 0.0001], [123007000.0, 0.0001], [123008000.0, 0.0081]]},
{"timestamp": "1743933234433", "bids": [[122968000.0, 0.0001], [122960000.0, 0.1511], [122956000.0, 0.0], [122950000.0, 0.0057], [122949000.0, 0.0002], [122944000.0, 0.003], [122940000.0, 0.0], [122931000.0, 0.0], [122930000.0, 0.0], [122926000.0, 0.0024]], "asks": [[122973000.0, 0.008], [122978000.0, 0.0203], [122980000.0, 0.0004], [122999000.0, 0.0875], [123000000.0, 0.1049], [123001000.0, 0.0001], [123003000.0, 0.0081], [123004000.0, 0.0001], [123007000.0, 0.0001], [123008000.0, 0.0081]]},
{"timestamp": "1743933234964", "bids": [[122968000.0, 0.0001], [122960000.0, 0.1511], [122956000.0, 0.0], [122950000.0, 0.0057], [122949000.0, 0.0002], [122944000.0, 0.003], [122940000.0, 0.0], [122931000.0, 0.0], [122930000.0, 0.0], [122926000.0, 0.0024]], "asks": [[122973000.0, 0.008], [122978000.0, 0.0203], [122980000.0, 0.0004], [122997000.0, 0.0852], [123000000.0, 0.1049], [123001000.0, 0.0001], [123002000.0, 0.0023], [123003000.0, 0.0081], [123004000.0, 0.0001], [123007000.0, 0.0001]]},
{"timestamp": "1743933235471", "bids": [[122968000.0, 0.0001], [122960000.0, 0.1511], [122956000.0, 0.0], [122950000.0, 0.0057], [122949000.0, 0.0002], [122944000.0, 0.003], [122940000.0, 0.0], [122931000.0, 0.0], [122930000.0, 0.0], [122926000.0, 0.0024]], "asks": [[122973000.0, 0.008], [122978000.0, 0.0203], [122980000.0, 0.0004], [122996000.0, 0.1363], [122999000.0, 0.0852], [123000000.0, 0.1049], [123001000.0, 0.0001], [123002000.0, 0.0023], [123003000.0, 0.0081], [123004000.0, 0.0001]]},
{"timestamp": "1743933235984", "bids": [[122968000.0, 0.0001], [122960000.0, 0.1511], [122956000.0, 0.0], [122950000.0, 0.0057], [122949000.0, 0.0002], [122944000.0, 0.003], [122940000.0, 0.0], [122931000.0, 0.0], [122930000.0, 0.0], [122926000.0, 0.0024]], "asks": [[122973000.0, 0.008], [122978000.0, 0.0203], [122980000.0, 0.0004], [122998000.0, 0.1363], [123000000.0, 0.1049], [123001000.0, 0.0001], [123002000.0, 0.0023], [123003000.0, 0.0081], [123004000.0, 0.0001], [123007000.0, 0.0001]]},
{"timestamp": "1743933236472", "bids": [[122968000.0, 0.0001], [122960000.0, 0.1511], [122956000.0, 0.0], [122950000.0, 0.0057], [122949000.0, 0.0002], [122944000.0, 0.003], [122940000.0, 0.0], [122931000.0, 0.0], [122930000.0, 0.0], [122926000.0, 0.0024]], "asks": [[122973000.0, 0.0073], [122978000.0, 0.0203], [122980000.0, 0.0004], [122997000.0, 0.0852], [123000000.0, 0.1049], [123001000.0, 0.0001], [123002000.0, 0.0023], [123003000.0, 0.0081], [123004000.0, 0.0001], [123007000.0, 0.0001]]},
{"timestamp": "1743933237018", "bids": [[122968000.0, 0.0001], [122960000.0, 0.1511], [122956000.0, 0.0], [122950000.0, 0.0057], [122949000.0, 0.0002], [122944000.0, 0.003], [122940000.0, 0.0], [122931000.0, 0.0], [122930000.0, 0.0], [122926000.0, 0.0024]], "asks": [[122973000.0, 0.0073], [122978000.0, 0.0203], [122980000.0, 0.0004], [122999000.0, 0.1363], [123000000.0, 0.1049], [123001000.0, 0.0001], [123002000.0, 0.0023], [123003000.0, 0.0081], [123004000.0, 0.0001], [123007000.0, 0.0082]]},
{"timestamp": "1743933237565", "bids": [[122968000.0, 0.0001], [122960000.0, 0.1511], [122956000.0, 0.0], [122950000.0, 0.0057], [122949000.0, 0.0002], [122944000.0, 0.003], [122940000.0, 0.0], [122931000.0, 0.0], [122930000.0, 0.0], [122926000.0, 0.0024]], "asks": [[122973000.0, 0.0073], [122978000.0, 0.0203], [122980000.0, 0.0004], [122998000.0, 0.0852], [123000000.0, 0.1049], [123001000.0, 0.0001], [123002000.0, 0.0023], [123003000.0, 0.0081], [123004000.0, 0.0001], [123007000.0, 0.0082]]},
{"timestamp": "1743933238064", "bids": [[122968000.0, 0.0001], [122960000.0, 0.1511], [122956000.0, 0.0], [122950000.0, 0.0057], [122949000.0, 0.0002], [122944000.0, 0.003], [122940000.0, 0.0], [122931000.0, 0.0], [122930000.0, 0.0], [122926000.0, 0.0024]], "asks": [[122973000.0, 0.0073], [122978000.0, 0.0203], [122980000.0, 0.0004], [122997000.0, 0.1363], [122999000.0, 0.0852], [123000000.0, 0.1049], [123001000.0, 0.0001], [123002000.0, 0.0023], [123003000.0, 0.0081], [123004000.0, 0.0001]]},
{"timestamp": "1743933238568", "bids": [[122968000.0, 0.0001], [122960000.0, 0.1511], [122956000.0, 0.0], [122950000.0, 0.0057], [122949000.0, 0.0002], [122944000.0, 0.003], [122940000.0, 0.0], [122931000.0, 0.0], [122930000.0, 0.0], [122926000.0, 0.0024]], "asks": [[122973000.0, 0.0073], [122978000.0, 0.0203], [122980000.0, 0.0004], [122996000.0, 0.0852], [123000000.0, 0.1049], [123001000.0, 0.0001], [123002000.0, 0.0023], [123003000.0, 0.0081], [123004000.0, 0.0001], [123007000.0, 0.0082]]},
{"timestamp": "1743933239092", "bids": [[122968000.0, 0.0001], [122960000.0, 0.1511], [122956000.0, 0.0], [122950000.0, 0.0057], [122949000.0, 0.0002], [122944000.0, 0.003], [122940000.0, 0.0], [122931000.0, 0.0], [122930000.0, 0.0], [122926000.0, 0.0024]], "asks": [[122973000.0, 0.0073], [122978000.0, 0.0203], [122980000.0, 0.0004], [122996000.0, 0.1363], [122999000.0, 0.0852], [123000000.0, 0.1049], [123001000.0, 0.0001], [123002000.0, 0.0023], [123003000.0, 0.0081], [123004000.0, 0.0001]]},
{"timestamp": "1743933239615", "bids": [[122968000.0, 0.0001], [122960000.0, 0.1511], [122956000.0, 0.0], [122950000.0, 0.0057], [122949000.0, 0.0002], [122944000.0, 0.003], [122940000.0, 0.0], [122931000.0, 0.0], [122930000.0, 0.0], [122926000.0, 0.0024]], "asks": [[122973000.0, 0.0073], [122978000.0, 0.0203], [122980000.0, 0.0004], [122995000.0, 0.0852], [123000000.0, 0.1049], [123001000.0, 0.0001], [123002000.0, 0.0023], [123003000.0, 0.0081], [123004000.0, 0.0001], [123007000.0, 0.0082]]},
{"timestamp": "1743933240066", "bids": [[122968000.0, 0.0001], [122960000.0, 0.1511], [122956000.0, 0.0], [122950000.0, 0.0057], [122949000.0, 0.0002], [122944000.0, 0.003], [122940000.0, 0.0], [122931000.0, 0.0], [122930000.0, 0.0], [122926000.0, 0.0024]], "asks": [[122973000.0, 0.0073], [122978000.0, 0.0203], [122980000.0, 0.0004], [122999000.0, 0.0852], [123000000.0, 0.1049], [123001000.0, 0.0001], [123002000.0, 0.0023], [123003000.0, 0.0081], [123004000.0, 0.0001], [123007000.0, 0.0082]]},
{"timestamp": "1743933240614", "bids": [[122968000.0, 0.0001], [122960000.0, 0.1511], [122956000.0, 0.0], [122950000.0, 0.0057], [122949000.0, 0.0002], [122944000.0, 0.003], [122940000.0, 0.0], [122931000.0, 0.0], [122930000.0, 0.0], [122926000.0, 0.0024]], "asks": [[122973000.0, 0.0073], [122978000.0, 0.0203], [122980000.0, 0.0004], [122998000.0, 0.1363], [122999000.0, 0.0852], [123000000.0, 0.1049], [123001000.0, 0.0001], [123002000.0, 0.0023], [123003000.0, 0.0081], [123004000.0, 0.0001]]},
{"timestamp": "1743933241152", "bids": [[122968000.0, 0.0001], [122960000.0, 0.1511], [122956000.0, 0.0], [122950000.0, 0.0057], [122949000.0, 0.0002], [122944000.0, 0.003], [122940000.0, 0.0], [122931000.0, 0.0], [122930000.0, 0.0], [122926000.0, 0.0024]], "asks": [[122973000.0, 0.0073], [122978000.0, 0.0203], [122980000.0, 0.0004], [122996000.0, 0.1363], [122997000.0, 0.0852], [123000000.0, 0.1049], [123001000.0, 0.0001], [123002000.0, 0.0023], [123003000.0, 0.0081], [123004000.0, 0.0001]]},
{"timestamp": "1743933241673", "bids": [[122968000.0, 0.0001], [122960000.0, 0.1511], [122956000.0, 0.0], [122950000.0, 0.0057], [122949000.0, 0.0002], [122944000.0, 0.003], [122940000.0, 0.0], [122931000.0, 0.0], [122930000.0, 0.0], [122926000.0, 0.0024]], "asks": [[122973000.0, 0.0073], [122978000.0, 0.0203], [122980000.0, 0.0004], [122995000.0, 0.0852], [122996000.0, 0.1363], [123000000.0, 0.1049], [123001000.0, 0.0001], [123002000.0, 0.0023], [123003000.0, 0.0081], [123004000.0, 0.0001]]},
{"timestamp": "1743933242121", "bids": [[122968000.0, 0.0001], [122960000.0, 0.1511], [122956000.0, 0.0], [122950000.0, 0.0057], [122949000.0, 0.0002], [122944000.0, 0.003], [122940000.0, 0.0], [122931000.0, 0.0], [122930000.0, 0.0], [122926000.0, 0.0024]], "asks": [[122973000.0, 0.0073], [122978000.0, 0.0203], [122980000.0, 0.0004], [122994000.0, 0.1363], [122995000.0, 0.0852], [123000000.0, 0.1049], [123001000.0, 0.0001], [123002000.0, 0.0023], [123003000.0, 0.0081], [123004000.0, 0.0001]]},
{"timestamp": "1743933242624", "bids": [[122968000.0, 0.0001], [122960000.0, 0.1511], [122956000.0, 0.0], [122950000.0, 0.0057], [122949000.0, 0.0002], [122944000.0, 0.003], [122940000.0, 0.0], [122931000.0, 0.0], [122930000.0, 0.0], [122926000.0, 0.0024]], "asks": [[122973000.0, 0.0073], [122978000.0, 0.0203], [122980000.0, 0.0004], [122993000.0, 0.0852], [122994000.0, 0.1363], [123000000.0, 0.1049], [123001000.0, 0.0001], [123002000.0, 0.0023], [123003000.0, 0.0081], [123004000.0, 0.0001]]},
{"timestamp": "1743933243151", "bids": [[122968000.0, 0.0001], [122960000.0, 0.1511], [122956000.0, 0.0], [122950000.0, 0.0057], [122949000.0, 0.0002], [122944000.0, 0.003], [122940000.0, 0.0], [122931000.0, 0.0], [122930000.0, 0.0], [122926000.0, 0.0024]], "asks": [[122973000.0, 0.0073], [122978000.0, 0.0203], [122980000.0, 0.0004], [122992000.0, 0.1363], [122993000.0, 0.0852], [123000000.0, 0.1049], [123001000.0, 0.0001], [123002000.0, 0.0023], [123003000.0, 0.0081], [123004000.0, 0.0001]]},
{"timestamp": "1743933243655", "bids": [[122968000.0, 0.0001], [122960000.0, 0.1511], [122956000.0, 0.0], [122950000.0, 0.0057], [122949000.0, 0.0002], [122944000.0, 0.003], [122940000.0, 0.0], [122931000.0, 0.0], [122930000.0, 0.0], [122926000.0, 0.0024]], "asks": [[122973000.0, 0.0073], [122978000.0, 0.0203], [122980000.0, 0.0004], [122992000.0, 0.1363], [123000000.0, 0.1049], [123001000.0, 0.0001], [123002000.0, 0.0023], [123003000.0, 0.0081], [123004000.0, 0.0001], [123007000.0, 0.0082]]},
{"timestamp": "1743933244150", "bids": [[122968000.0, 0.0001], [122960000.0, 0.1511], [122956000.0, 0.0], [122950000.0, 0.0057], [122949000.0, 0.0002], [122944000.0, 0.003], [122940000.0, 0.0], [122931000.0, 0.0], [122930000.0, 0.0], [122926000.0, 0.0024]], "asks": [[122973000.0, 0.0073], [122978000.0, 0.0203], [122980000.0, 0.0004], [122999000.0, 0.1363], [123000000.0, 0.1049], [123001000.0, 0.0001], [123002000.0, 0.0023], [123003000.0, 0.0081], [123004000.0, 0.0001], [123007000.0, 0.0082]]},
{"timestamp": "1743933244656", "bids": [[122968000.0, 0.0001], [122960000.0, 0.1511], [122956000.0, 0.0], [122950000.0, 0.0057], [122949000.0, 0.0002], [122944000.0, 0.003], [122940000.0, 0.0], [122931000.0, 0.0], [122930000.0, 0.0], [122926000.0, 0.0024]], "asks": [[122973000.0, 0.0073], [122978000.0, 0.0203], [122980000.0, 0.0004], [122998000.0, 0.0852], [122999000.0, 0.1363], [123000000.0, 0.1049], [123001000.0, 0.0001], [123002000.0, 0.0023], [123003000.0, 0.0081], [123004000.0, 0.0001]]},
{"timestamp": "1743933245169", "bids": [[122968000.0, 0.0001], [122960000.0, 0.1511], [122956000.0, 0.0], [122950000.0, 0.0057], [122949000.0, 0.0002], [122944000.0, 0.003], [122940000.0, 0.0], [122931000.0, 0.0], [122930000.0, 0.0], [122926000.0, 0.0024]], "asks": [[122973000.0, 0.0073], [122980000.0, 0.0004], [122996000.0, 0.0852], [122997000.0, 0.1363], [123000000.0, 0.1049], [123001000.0, 0.0001], [123002000.0, 0.0023], [123003000.0, 0.0081], [123004000.0, 0.0001], [123007000.0, 0.0082]]},
{"timestamp": "1743933245701", "bids": [[122968000.0, 0.0001], [122960000.0, 0.1511], [122956000.0, 0.0], [122950000.0, 0.0057], [122949000.0, 0.0002], [122944000.0, 0.003], [122940000.0, 0.0], [122931000.0, 0.0], [122930000.0, 0.0], [122926000.0, 0.0024]], "asks": [[122973000.0, 0.0073], [122980000.0, 0.0004], [122992000.0, 0.0203], [122995000.0, 0.1363], [122999000.0, 0.0852], [123000000.0, 0.1049], [123001000.0, 0.0001], [123002000.0, 0.0023], [123003000.0, 0.0081], [123004000.0, 0.0001]]},
{"timestamp": "1743933246191", "bids": [[122968000.0, 0.0001], [122960000.0, 0.1511], [122956000.0, 0.0], [122950000.0, 0.0057], [122949000.0, 0.0002], [122944000.0, 0.003], [122940000.0, 0.0], [122931000.0, 0.0], [122930000.0, 0.0], [122926000.0, 0.0024]], "asks": [[122973000.0, 0.0073], [122980000.0, 0.0004], [122991000.0, 0.1363], [122992000.0, 0.0203], [123000000.0, 0.1049], [123001000.0, 0.0001], [123002000.0, 0.0023], [123003000.0, 0.0081], [123004000.0, 0.0001], [123007000.0, 0.0082]]},
{"timestamp": "1743933246731", "bids": [[122968000.0, 0.0001], [122960000.0, 0.1511], [122956000.0, 0.0], [122950000.0, 0.0057], [122949000.0, 0.0002], [122944000.0, 0.003], [122940000.0, 0.0], [122931000.0, 0.0], [122930000.0, 0.0], [122926000.0, 0.0024]], "asks": [[122973000.0, 0.0073], [122980000.0, 0.0004], [122991000.0, 0.1363], [122992000.0, 0.0203], [123000000.0, 0.1049], [123001000.0, 0.0001], [123002000.0, 0.0023], [123003000.0, 0.0081], [123004000.0, 0.0001], [123007000.0, 0.0082]]},
{"timestamp": "1743933247233", "bids": [[122968000.0, 0.0001], [122960000.0, 0.1511], [122956000.0, 0.0], [122950000.0, 0.0057], [122949000.0, 0.0002], [122944000.0, 0.003], [122940000.0, 0.0], [122931000.0, 0.0], [122930000.0, 0.0], [122926000.0, 0.0024]], "asks": [[122973000.0, 0.0073], [122980000.0, 0.0004], [122991000.0, 0.1363], [122992000.0, 0.0203], [123000000.0, 0.1049], [123001000.0, 0.0001], [123002000.0, 0.0023], [123003000.0, 0.0081], [123004000.0, 0.0001], [123007000.0, 0.0082]]},
{"timestamp": "1743933247733", "bids": [[122968000.0, 0.0001], [122960000.0, 0.1511], [122956000.0, 0.0], [122950000.0, 0.0057], [122949000.0, 0.0002], [122944000.0, 0.003], [122940000.0, 0.0], [122931000.0, 0.0], [122930000.0, 0.0], [122926000.0, 0.0024]], "asks": [[122973000.0, 0.0073], [122980000.0, 0.0004], [122991000.0, 0.1363], [122992000.0, 0.0203], [123000000.0, 0.1049], [123001000.0, 0.0001], [123002000.0, 0.0023], [123003000.0, 0.0081], [123004000.0, 0.0001], [123007000.0, 0.0082]]},
{"timestamp": "1743933248240", "bids": [[122968000.0, 0.0001], [122960000.0, 0.1511], [122956000.0, 0.0], [122950000.0, 0.0057], [122949000.0, 0.0002], [122944000.0, 0.003], [122940000.0, 0.0], [122931000.0, 0.0], [122930000.0, 0.0], [122926000.0, 0.0024]], "asks": [[122973000.0, 0.0073], [122980000.0, 0.0004], [122991000.0, 0.1363], [122992000.0, 0.0203], [123000000.0, 0.1049], [123001000.0, 0.0001], [123002000.0, 0.0023], [123003000.0, 0.0081], [123004000.0, 0.0001], [123007000.0, 0.0082]]},
{"timestamp": "1743933248771", "bids": [[122968000.0, 0.0001], [122960000.0, 0.1511], [122956000.0, 0.0], [122950000.0, 0.0057], [122949000.0, 0.0002], [122944000.0, 0.003], [122940000.0, 0.0], [122931000.0, 0.0], [122930000.0, 0.0], [122926000.0, 0.0024]], "asks": [[122973000.0, 0.0079], [122980000.0, 0.0004], [122991000.0, 0.1363], [122992000.0, 0.0203], [123000000.0, 0.1049], [123001000.0, 0.0001], [123002000.0, 0.0023], [123003000.0, 0.0081], [123004000.0, 0.0001], [123007000.0, 0.0082]]},
{"timestamp": "1743933249265", "bids": [[122968000.0, 0.0001], [122960000.0, 0.1511], [122956000.0, 0.0], [122950000.0, 0.0057], [122949000.0, 0.0002], [122944000.0, 0.003], [122940000.0, 0.0], [122931000.0, 0.0], [122930000.0, 0.0], [122926000.0, 0.0024]], "asks": [[122973000.0, 0.0079], [122980000.0, 0.0004], [122991000.0, 0.1363], [122992000.0, 0.0203], [123000000.0, 0.1049], [123001000.0, 0.0001], [123002000.0, 0.0023], [123003000.0, 0.0081], [123004000.0, 0.0001], [123007000.0, 0.0082]]},
{"timestamp": "1743933249779", "bids": [[122968000.0, 0.0001], [122960000.0, 0.1511], [122956000.0, 0.0], [122950000.0, 0.0057], [122949000.0, 0.0002], [122944000.0, 0.003], [122940000.0, 0.0], [122931000.0, 0.0], [122930000.0, 0.0], [122926000.0, 0.0024]], "asks": [[122973000.0, 0.0079], [122980000.0, 0.0004], [122991000.0, 0.1363], [122992000.0, 0.0203], [123000000.0, 0.1049], [123001000.0, 0.0001], [123002000.0, 0.0023], [123003000.0, 0.0081], [123004000.0, 0.0001], [123007000.0, 0.0082]]},
{"timestamp": "1743933250301", "bids": [[122968000.0, 0.0001], [122960000.0, 0.1511], [122956000.0, 0.0], [122950000.0, 0.0057], [122949000.0, 0.0002], [122944000.0, 0.003], [122940000.0, 0.0], [122931000.0, 0.0], [122930000.0, 0.0], [122926000.0, 0.0024]], "asks": [[122973000.0, 0.0079], [122980000.0, 0.0004], [122991000.0, 0.1363], [122992000.0, 0.0203], [123000000.0, 0.1049], [123001000.0, 0.0001], [123002000.0, 0.0023], [123003000.0, 0.0081], [123004000.0, 0.0001], [123007000.0, 0.0082]]},
{"timestamp": "1743933250804", "bids": [[122968000.0, 0.0001], [122960000.0, 0.1511], [122956000.0, 0.0], [122950000.0, 0.0057], [122949000.0, 0.0002], [122944000.0, 0.003], [122940000.0, 0.0], [122931000.0, 0.0], [122930000.0, 0.0], [122926000.0, 0.0024]], "asks": [[122973000.0, 0.0079], [122980000.0, 0.0004], [122991000.0, 0.1363], [122992000.0, 0.0203], [123000000.0, 0.1049], [123001000.0, 0.0001], [123002000.0, 0.0023], [123003000.0, 0.0081], [123004000.0, 0.0001], [123007000.0, 0.0082]]},
{"timestamp": "1743933251319", "bids": [[122968000.0, 0.0001], [122960000.0, 0.1511], [122956000.0, 0.0], [122950000.0, 0.0057], [122949000.0, 0.0002], [122944000.0, 0.003], [122940000.0, 0.0], [122931000.0, 0.0], [122930000.0, 0.0], [122926000.0, 0.0024]], "asks": [[122973000.0, 0.0079], [122980000.0, 0.0004], [122991000.0, 0.1363], [122992000.0, 0.0203], [123000000.0, 0.1049], [123001000.0, 0.0001], [123002000.0, 0.0023], [123003000.0, 0.0081], [123004000.0, 0.0001], [123006000.0, 0.0081]]},
{"timestamp": "1743933251851", "bids": [[122968000.0, 0.0001], [122960000.0, 0.1511], [122956000.0, 0.0], [122950000.0, 0.0057], [122949000.0, 0.0002], [122944000.0, 0.003], [122940000.0, 0.0], [122931000.0, 0.0], [122930000.0, 0.0], [122926000.0, 0.0024]], "asks": [[122973000.0, 0.0079], [122980000.0, 0.0004], [122991000.0, 0.1363], [122992000.0, 0.0203], [123000000.0, 0.1049], [123001000.0, 0.0001], [123002000.0, 0.0023], [123003000.0, 0.0081], [123004000.0, 0.0001], [123006000.0, 0.0081]]},
{"timestamp": "1743933252342", "bids": [[122968000.0, 0.0001], [122960000.0, 0.1511], [122956000.0, 0.0], [122950000.0, 0.0057], [122949000.0, 0.0002], [122944000.0, 0.003], [122940000.0, 0.0], [122931000.0, 0.0], [122930000.0, 0.0], [122926000.0, 0.0024]], "asks": [[122973000.0, 0.0079], [122980000.0, 0.0004], [122991000.0, 0.1363], [122992000.0, 0.0203], [123000000.0, 0.1049], [123001000.0, 0.0001], [123002000.0, 0.0023], [123003000.0, 0.0081], [123004000.0, 0.0001], [123006000.0, 0.0081]]},
{"timestamp": "1743933252881", "bids": [[122968000.0, 0.0001], [122960000.0, 0.1511], [122956000.0, 0.0], [122950000.0, 0.0057], [122949000.0, 0.0002], [122944000.0, 0.003], [122940000.0, 0.0], [122931000.0, 0.0], [122930000.0, 0.0], [122926000.0, 0.0024]], "asks": [[122973000.0, 0.0079], [122980000.0, 0.0004], [122991000.0, 0.1363], [122992000.0, 0.0203], [123000000.0, 0.1049], [123001000.0, 0.0001], [123002000.0, 0.0023], [123003000.0, 0.0081], [123004000.0, 0.0001], [123006000.0, 0.0081]]},
{"timestamp": "1743933253389", "bids": [[122968000.0, 0.0001], [122960000.0, 0.1511], [122956000.0, 0.0], [122950000.0, 0.0057], [122949000.0, 0.0002], [122944000.0, 0.003], [122940000.0, 0.0], [122931000.0, 0.0], [122930000.0, 0.0], [122926000.0, 0.0024]], "asks": [[122973000.0, 0.0079], [122980000.0, 0.0004], [122990000.0, 0.0852], [122991000.0, 0.1363], [122992000.0, 0.0203], [123000000.0, 0.1049], [123001000.0, 0.0001], [123002000.0, 0.0023], [123003000.0, 0.0081], [123004000.0, 0.0001]]},
{"timestamp": "1743933253905", "bids": [[122968000.0, 0.0001], [122960000.0, 0.1511], [122956000.0, 0.0], [122950000.0, 0.0057], [122949000.0, 0.0002], [122944000.0, 0.003], [122940000.0, 0.0], [122931000.0, 0.0], [122930000.0, 0.0], [122926000.0, 0.0024]], "asks": [[122973000.0, 0.0079], [122980000.0, 0.0004], [122988000.0, 0.0852], [122989000.0, 0.1363], [122992000.0, 0.0203], [123000000.0, 0.1049], [123001000.0, 0.0001], [123002000.0, 0.0023], [123003000.0, 0.0081], [123004000.0, 0.0001]]},
{"timestamp": "1743933254417", "bids": [[122968000.0, 0.0001], [122960000.0, 0.1511], [122956000.0, 0.0], [122950000.0, 0.0057], [122949000.0, 0.0002], [122944000.0, 0.003], [122940000.0, 0.0], [122931000.0, 0.0], [122930000.0, 0.0], [122926000.0, 0.0024]], "asks": [[122973000.0, 0.0079], [122980000.0, 0.0004], [122987000.0, 0.1363], [122988000.0, 0.0852], [122992000.0, 0.0203], [123000000.0, 0.1049], [123001000.0, 0.0001], [123002000.0, 0.0023], [123003000.0, 0.0081], [123004000.0, 0.0001]]},
{"timestamp": "1743933254935", "bids": [[122968000.0, 0.0001], [122960000.0, 0.1511], [122956000.0, 0.0], [122950000.0, 0.0057], [122949000.0, 0.0002], [122944000.0, 0.003], [122940000.0, 0.0], [122931000.0, 0.0], [122930000.0, 0.0], [122926000.0, 0.0024]], "asks": [[122973000.0, 0.0079], [122980000.0, 0.0004], [122990000.0, 0.1363], [122992000.0, 0.0203], [123000000.0, 0.1049], [123001000.0, 0.0001], [123002000.0, 0.0023], [123003000.0, 0.0081], [123004000.0, 0.0001], [123006000.0, 0.0081]]},
{"timestamp": "1743933255411", "bids": [[122968000.0, 0.0001], [122960000.0, 0.1511], [122956000.0, 0.0], [122950000.0, 0.0057], [122949000.0, 0.0002], [122944000.0, 0.003], [122940000.0, 0.0], [122931000.0, 0.0], [122930000.0, 0.0], [122926000.0, 0.0024]], "asks": [[122973000.0, 0.0079], [122980000.0, 0.0004], [122992000.0, 0.0203], [123000000.0, 0.1049], [123001000.0, 0.0001], [123002000.0, 0.0023], [123003000.0, 0.0081], [123004000.0, 0.0001], [123006000.0, 0.0081], [123007000.0, 0.0082]]},
{"timestamp": "1743933255951", "bids": [[122968000.0, 0.0001], [122960000.0, 0.1515], [122956000.0, 0.0], [122950000.0, 0.0057], [122949000.0, 0.0002], [122944000.0, 0.003], [122940000.0, 0.0], [122931000.0, 0.0], [122930000.0, 0.0], [122926000.0, 0.0024]], "asks": [[122973000.0, 0.0079], [122980000.0, 0.0004], [122991000.0, 0.2215], [122992000.0, 0.0203], [123000000.0, 0.1049], [123001000.0, 0.0001], [123002000.0, 0.0023], [123003000.0, 0.0081], [123004000.0, 0.0001], [123006000.0, 0.0081]]},
{"timestamp": "1743933256466", "bids": [[122968000.0, 0.0001], [122960000.0, 0.1515], [122956000.0, 0.0], [122950000.0, 0.0057], [122949000.0, 0.0002], [122944000.0, 0.003], [122940000.0, 0.0], [122931000.0, 0.0], [122930000.0, 0.0], [122926000.0, 0.0024]], "asks": [[122973000.0, 0.0079], [122980000.0, 0.0004], [122989000.0, 0.2215], [122992000.0, 0.0203], [123000000.0, 0.1049], [123001000.0, 0.0001], [123002000.0, 0.0023], [123003000.0, 0.0081], [123004000.0, 0.0001], [123006000.0, 0.0081]]},
{"timestamp": "1743933256961", "bids": [[122968000.0, 0.0001], [122960000.0, 0.1515], [122956000.0, 0.0], [122950000.0, 0.0057], [122949000.0, 0.0002], [122944000.0, 0.003], [122940000.0, 0.0], [122931000.0, 0.0], [122930000.0, 0.0], [122926000.0, 0.0024]], "asks": [[122973000.0, 0.0079], [122980000.0, 0.0004], [122988000.0, 0.0852], [122992000.0, 0.0203], [123000000.0, 0.1049], [123001000.0, 0.0001], [123002000.0, 0.0023], [123003000.0, 0.0081], [123004000.0, 0.0001], [123006000.0, 0.0081]]},
{"timestamp": "1743933257504", "bids": [[122968000.0, 0.0001], [122960000.0, 0.1515], [122956000.0, 0.0], [122950000.0, 0.0057], [122949000.0, 0.0002], [122944000.0, 0.003], [122940000.0, 0.0], [122931000.0, 0.0], [122930000.0, 0.0], [122926000.0, 0.0024]], "asks": [[122973000.0, 0.0079], [122980000.0, 0.0004], [122991000.0, 0.2215], [122992000.0, 0.0203], [123000000.0, 0.1049], [123001000.0, 0.0001], [123002000.0, 0.0023], [123003000.0, 0.0081], [123004000.0, 0.0001], [123006000.0, 0.0081]]},
{"timestamp": "1743933257975", "bids": [[122968000.0, 0.0001], [122960000.0, 0.1515], [122956000.0, 0.0], [122950000.0, 0.0057], [122949000.0, 0.0002], [122944000.0, 0.003], [122940000.0, 0.0], [122931000.0, 0.0], [122930000.0, 0.0], [122926000.0, 0.0024]], "asks": [[122973000.0, 0.0079], [122980000.0, 0.0004], [122990000.0, 0.2215], [122992000.0, 0.0203], [123000000.0, 0.1049], [123001000.0, 0.0001], [123002000.0, 0.0023], [123003000.0, 0.0081], [123004000.0, 0.0001], [123006000.0, 0.0081]]},
{"timestamp": "1743933258483", "bids": [[122968000.0, 0.0001], [122960000.0, 0.1515], [122956000.0, 0.0], [122950000.0, 0.0057], [122949000.0, 0.0002], [122944000.0, 0.003], [122940000.0, 0.0], [122931000.0, 0.0], [122930000.0, 0.0], [122926000.0, 0.0024]], "asks": [[122973000.0, 0.0079], [122980000.0, 0.0004], [122989000.0, 0.1363], [122992000.0, 0.0203], [123000000.0, 0.1049], [123001000.0, 0.0001], [123002000.0, 0.0023], [123003000.0, 0.0081], [123004000.0, 0.0001], [123005000.0, 0.0081]]},
{"timestamp": "1743933258992", "bids": [[122968000.0, 0.0001], [122960000.0, 0.1515], [122956000.0, 0.0], [122950000.0, 0.0057], [122949000.0, 0.0002], [122944000.0, 0.003], [122940000.0, 0.0], [122931000.0, 0.0], [122930000.0, 0.0], [122926000.0, 0.0024]], "asks": [[122973000.0, 0.0079], [122980000.0, 0.0004], [122990000.0, 0.2215], [122992000.0, 0.0203], [123000000.0, 0.1049], [123001000.0, 0.0001], [123002000.0, 0.0023], [123003000.0, 0.0081], [123004000.0, 0.0001], [123005000.0, 0.0081]]},
{"timestamp": "1743933259524", "bids": [[122968000.0, 0.0001], [122960000.0, 0.1515], [122956000.0, 0.0], [122950000.0, 0.0057], [122949000.0, 0.0002], [122944000.0, 0.003], [122940000.0, 0.0], [122931000.0, 0.0], [122930000.0, 0.0], [122926000.0, 0.0024]], "asks": [[122973000.0, 0.0069], [122980000.0, 0.0004], [122989000.0, 0.2215], [122992000.0, 0.0203], [123000000.0, 0.1049], [123001000.0, 0.0001], [123002000.0, 0.0023], [123003000.0, 0.0081], [123004000.0, 0.0001], [123005000.0, 0.0081]]},
{"timestamp": "1743933260035", "bids": [[122968000.0, 0.0001], [122960000.0, 0.1515], [122956000.0, 0.0], [122950000.0, 0.0057], [122949000.0, 0.0002], [122944000.0, 0.003], [122940000.0, 0.0], [122931000.0, 0.0], [122930000.0, 0.0], [122926000.0, 0.0024]], "asks": [[122973000.0, 0.0069], [122980000.0, 0.0004], [122988000.0, 0.1363], [122992000.0, 0.0203], [123000000.0, 0.1049], [123001000.0, 0.0001], [123002000.0, 0.0023], [123003000.0, 0.0081], [123004000.0, 0.0001], [123005000.0, 0.0081]]},
{"timestamp": "1743933260528", "bids": [[122968000.0, 0.0001], [122960000.0, 0.1515], [122956000.0, 0.0], [122950000.0, 0.0057], [122949000.0, 0.0002], [122944000.0, 0.003], [122940000.0, 0.0], [122931000.0, 0.0], [122930000.0, 0.0], [122926000.0, 0.0024]], "asks": [[122973000.0, 0.0069], [122980000.0, 0.0004], [122989000.0, 0.1363], [122992000.0, 0.0203], [123000000.0, 0.1049], [123001000.0, 0.0001], [123002000.0, 0.0023], [123003000.0, 0.0081], [123004000.0, 0.0001], [123005000.0, 0.0081]]},
{"timestamp": "1743933261035", "bids": [[122968000.0, 0.0001], [122960000.0, 0.1515], [122956000.0, 0.0], [122950000.0, 0.0057], [122949000.0, 0.0002], [122944000.0, 0.003], [122940000.0, 0.0], [122931000.0, 0.0], [122930000.0, 0.0], [122926000.0, 0.0024]], "asks": [[122973000.0, 0.0069], [122980000.0, 0.0004], [122989000.0, 0.1363], [122991000.0, 0.0852], [122992000.0, 0.0203], [123000000.0, 0.1049], [123001000.0, 0.0001], [123002000.0, 0.0023], [123003000.0, 0.0081], [123004000.0, 0.0001]]},
{"timestamp": "1743933261548", "bids": [[122968000.0, 0.0001], [122960000.0, 0.1515], [122956000.0, 0.0], [122950000.0, 0.0057], [122949000.0, 0.0002], [122944000.0, 0.003], [122940000.0, 0.0], [122931000.0, 0.0], [122930000.0, 0.0], [122926000.0, 0.0024]], "asks": [[122973000.0, 0.0069], [122980000.0, 0.0004], [122988000.0, 0.0852], [122990000.0, 0.1363], [122992000.0, 0.0203], [123000000.0, 0.1049], [123001000.0, 0.0001], [123002000.0, 0.0023], [123003000.0, 0.0081], [123004000.0, 0.0001]]},
{"timestamp": "1743933262055", "bids": [[122968000.0, 0.0001], [122960000.0, 0.1515], [122956000.0, 0.0], [122950000.0, 0.0057], [122949000.0, 0.0002], [122944000.0, 0.003], [122940000.0, 0.0], [122931000.0, 0.0], [122930000.0, 0.0], [122926000.0, 0.0024]], "asks": [[122973000.0, 0.0069], [122980000.0, 0.0004], [122992000.0, 0.0203], [123000000.0, 0.1049], [123001000.0, 0.0001], [123002000.0, 0.0023], [123003000.0, 0.0081], [123004000.0, 0.0001], [123005000.0, 0.0081], [123006000.0, 0.0081]]},
{"timestamp": "1743933262602", "bids": [[122968000.0, 0.0001], [122960000.0, 0.1515], [122956000.0, 0.0], [122950000.0, 0.0057], [122949000.0, 0.0002], [122944000.0, 0.003], [122940000.0, 0.0], [122931000.0, 0.0], [122930000.0, 0.0], [122926000.0, 0.0024]], "asks": [[122973000.0, 0.0069], [122980000.0, 0.0004], [122990000.0, 0.0852], [122991000.0, 0.1363], [122992000.0, 0.0203], [123000000.0, 0.1049], [123001000.0, 0.0024], [123003000.0, 0.0081], [123004000.0, 0.0001], [123005000.0, 0.0081]]},
{"timestamp": "1743933263076", "bids": [[122960000.0, 0.1515], [122956000.0, 0.0], [122950000.0, 0.0057], [122949000.0, 0.0002], [122944000.0, 0.003], [122940000.0, 0.0], [122931000.0, 0.0], [122930000.0, 0.0], [122926000.0, 0.0024], [122918000.0, 0.0]], "asks": [[122968000.0, 0.0003], [122973000.0, 0.0069], [122980000.0, 0.0004], [122989000.0, 0.2215], [122992000.0, 0.0203], [123000000.0, 0.1049], [123001000.0, 0.0024], [123003000.0, 0.0081], [123004000.0, 0.0001], [123005000.0, 0.0081]]},
{"timestamp": "1743933263586", "bids": [[122960000.0, 0.1515], [122956000.0, 0.0], [122950000.0, 0.0057], [122949000.0, 0.0002], [122944000.0, 0.003], [122940000.0, 0.0], [122931000.0, 0.0], [122930000.0, 0.0], [122926000.0, 0.0024], [122918000.0, 0.0]], "asks": [[122968000.0, 0.0003], [122973000.0, 0.0069], [122980000.0, 0.0004], [122992000.0, 0.0203], [122998000.0, 0.0852], [122999000.0, 0.1363], [123000000.0, 0.1049], [123001000.0, 0.0024], [123003000.0, 0.0081], [123004000.0, 0.0001]]},
{"timestamp": "1743933264083", "bids": [[122960000.0, 0.1515], [122956000.0, 0.0], [122950000.0, 0.0057], [122949000.0, 0.0002], [122944000.0, 0.003], [122940000.0, 0.0], [122931000.0, 0.0], [122930000.0, 0.0], [122926000.0, 0.0024], [122918000.0, 0.0]], "asks": [[122968000.0, 0.0003], [122973000.0, 0.0069], [122980000.0, 0.0004], [122992000.0, 0.0203], [122997000.0, 0.1363], [123000000.0, 0.1049], [123001000.0, 0.0024], [123003000.0, 0.0081], [123004000.0, 0.0001], [123005000.0, 0.0081]]},
{"timestamp": "1743933264598", "bids": [[122960000.0, 0.1515], [122956000.0, 0.0], [122950000.0, 0.0057], [122949000.0, 0.0002], [122944000.0, 0.003], [122940000.0, 0.0], [122931000.0, 0.0], [122930000.0, 0.0], [122926000.0, 0.0024], [122918000.0, 0.0]], "asks": [[122968000.0, 0.0003], [122973000.0, 0.0069], [122980000.0, 0.0004], [122992000.0, 0.0203], [122996000.0, 0.0852], [122999000.0, 0.1363], [123000000.0, 0.1049], [123001000.0, 0.0024], [123003000.0, 0.0081], [123004000.0, 0.0001]]},
{"timestamp": "1743933265103", "bids": [[122960000.0, 0.1515], [122956000.0, 0.0], [122950000.0, 0.0057], [122949000.0, 0.0002], [122944000.0, 0.003], [122940000.0, 0.0], [122931000.0, 0.0], [122930000.0, 0.0], [122926000.0, 0.0024], [122918000.0, 0.0]], "asks": [[122968000.0, 0.0003], [122973000.0, 0.0069], [122980000.0, 0.0004], [122992000.0, 0.0203], [122995000.0, 0.1363], [122998000.0, 0.0852], [122999000.0, 0.1363], [123000000.0, 0.1049], [123001000.0, 0.0024], [123003000.0, 0.0081]]},
{"timestamp": "1743933265617", "bids": [[122960000.0, 0.1515], [122956000.0, 0.0], [122950000.0, 0.0057], [122949000.0, 0.0002], [122944000.0, 0.003], [122940000.0, 0.0], [122931000.0, 0.0], [122930000.0, 0.0], [122926000.0, 0.0024], [122918000.0, 0.0]], "asks": [[122968000.0, 0.0003], [122973000.0, 0.0069], [122980000.0, 0.0004], [122992000.0, 0.0203], [122995000.0, 0.1363], [123000000.0, 0.1049], [123001000.0, 0.0024], [123003000.0, 0.0081], [123004000.0, 0.0001], [123005000.0, 0.0081]]},
{"timestamp": "1743933266129", "bids": [[122960000.0, 0.1515], [122956000.0, 0.0], [122950000.0, 0.0057], [122949000.0, 0.0002], [122944000.0, 0.003], [122940000.0, 0.0], [122931000.0, 0.0], [122930000.0, 0.0], [122926000.0, 0.0024], [122918000.0, 0.0]], "asks": [[122968000.0, 0.0003], [122973000.0, 0.0069], [122980000.0, 0.0004], [122992000.0, 0.0203], [122998000.0, 0.0852], [122999000.0, 0.1363], [123000000.0, 0.1049], [123001000.0, 0.0024], [123003000.0, 0.0081], [123004000.0, 0.0001]]},
{"timestamp": "1743933266683", "bids": [[122960000.0, 0.1515], [122956000.0, 0.0], [122950000.0, 0.0057], [122949000.0, 0.0002], [122944000.0, 0.003], [122940000.0, 0.0], [122931000.0, 0.0], [122930000.0, 0.0], [122926000.0, 0.0024], [122918000.0, 0.0]], "asks": [[122968000.0, 0.0003], [122973000.0, 0.0069], [122980000.0, 0.0004], [122992000.0, 0.0203], [122997000.0, 0.1363], [122998000.0, 0.0852], [123000000.0, 0.1049], [123001000.0, 0.0024], [123003000.0, 0.0081], [123004000.0, 0.0001]]},
{"timestamp": "1743933267144", "bids": [[122960000.0, 0.1515], [122956000.0, 0.0], [122950000.0, 0.0057], [122949000.0, 0.0002], [122944000.0, 0.003], [122940000.0, 0.0], [122931000.0, 0.0], [122930000.0, 0.0], [122926000.0, 0.0024], [122918000.0, 0.0]], "asks": [[122968000.0, 0.0003], [122973000.0, 0.0069], [122980000.0, 0.0004], [122992000.0, 0.0203], [122997000.0, 0.1363], [123000000.0, 0.1049], [123001000.0, 0.0024], [123003000.0, 0.0081], [123004000.0, 0.0001], [123005000.0, 0.0081]]},
{"timestamp": "1743933267681", "bids": [[122960000.0, 0.1515], [122956000.0, 0.0], [122950000.0, 0.0057], [122949000.0, 0.0002], [122944000.0, 0.003], [122940000.0, 0.0], [122931000.0, 0.0], [122930000.0, 0.0], [122926000.0, 0.0024], [122918000.0, 0.0]], "asks": [[122968000.0, 0.0005], [122973000.0, 0.0069], [122980000.0, 0.0004], [122992000.0, 0.0203], [122998000.0, 0.0852], [122999000.0, 0.1363], [123000000.0, 0.1049], [123001000.0, 0.0024], [123003000.0, 0.0081], [123004000.0, 0.0001]]},
{"timestamp": "1743933268190", "bids": [[122960000.0, 0.1515], [122956000.0, 0.0], [122950000.0, 0.0057], [122949000.0, 0.0002], [122944000.0, 0.003], [122940000.0, 0.0], [122931000.0, 0.0], [122930000.0, 0.0], [122926000.0, 0.0024], [122918000.0, 0.0]], "asks": [[122968000.0, 0.0005], [122973000.0, 0.0069], [122980000.0, 0.0004], [122992000.0, 0.0203], [122997000.0, 0.1363], [122998000.0, 0.0852], [123000000.0, 0.1049], [123001000.0, 0.0024], [123003000.0, 0.0081], [123004000.0, 0.0001]]},
{"timestamp": "1743933268681", "bids": [[122960000.0, 0.1515], [122956000.0, 0.0], [122950000.0, 0.0057], [122949000.0, 0.0002], [122944000.0, 0.003], [122940000.0, 0.0], [122931000.0, 0.0], [122930000.0, 0.0], [122926000.0, 0.0024], [122918000.0, 0.0]], "asks": [[122968000.0, 0.0005], [122973000.0, 0.0069], [122980000.0, 0.0004], [122992000.0, 0.0203], [122995000.0, 0.0023], [122997000.0, 0.1363], [123000000.0, 0.1049], [123001000.0, 0.0024], [123003000.0, 0.0081], [123004000.0, 0.0001]]},
{"timestamp": "1743933269219", "bids": [[122960000.0, 0.1515], [122956000.0, 0.0], [122950000.0, 0.0057], [122949000.0, 0.0002], [122944000.0, 0.003], [122940000.0, 0.0], [122931000.0, 0.0], [122930000.0, 0.0], [122926000.0, 0.0024], [122918000.0, 0.0]], "asks": [[122968000.0, 0.0005], [122973000.0, 0.0069], [122980000.0, 0.0004], [122992000.0, 0.0203], [122995000.0, 0.0023], [122998000.0, 0.0852], [122999000.0, 0.1363], [123000000.0, 0.1049], [123001000.0, 0.0001], [123003000.0, 0.0081]]},
{"timestamp": "1743933269721", "bids": [[122960000.0, 0.1505], [122956000.0, 0.0], [122950000.0, 0.0057], [122949000.0, 0.0002], [122944000.0, 0.003], [122940000.0, 0.0], [122931000.0, 0.0], [122930000.0, 0.0], [122926000.0, 0.0024], [122918000.0, 0.0]], "asks": [[122968000.0, 0.0005], [122973000.0, 0.0069], [122980000.0, 0.0004], [122992000.0, 0.0203], [122995000.0, 0.0023], [122997000.0, 0.1363], [122998000.0, 0.0852], [123000000.0, 0.1049], [123001000.0, 0.0001], [123003000.0, 0.0081]]},
{"timestamp": "1743933270231", "bids": [[122960000.0, 0.1505], [122956000.0, 0.0], [122950000.0, 0.0057], [122949000.0, 0.0002], [122944000.0, 0.003], [122940000.0, 0.0], [122931000.0, 0.0], [122930000.0, 0.0], [122926000.0, 0.0024], [122918000.0, 0.0]], "asks": [[122968000.0, 0.0005], [122973000.0, 0.0069], [122980000.0, 0.0004], [122992000.0, 0.0203], [122995000.0, 0.0023], [122997000.0, 0.1363], [123000000.0, 0.1049], [123001000.0, 0.0001], [123003000.0, 0.0081], [123004000.0, 0.0001]]},
{"timestamp": "1743933270723", "bids": [[122960000.0, 0.1505], [122956000.0, 0.0], [122950000.0, 0.0057], [122949000.0, 0.0002], [122944000.0, 0.003], [122940000.0, 0.0], [122931000.0, 0.0], [122930000.0, 0.0], [122926000.0, 0.0024], [122918000.0, 0.0]], "asks": [[122968000.0, 0.0005], [122973000.0, 0.0069], [122980000.0, 0.0004], [122992000.0, 0.0203], [122995000.0, 0.0023], [122998000.0, 0.0852], [122999000.0, 0.1363], [123000000.0, 0.1049], [123001000.0, 0.0001], [123003000.0, 0.0081]]},
{"timestamp": "1743933271276", "bids": [[122960000.0, 0.1505], [122956000.0, 0.0], [122950000.0, 0.0057], [122949000.0, 0.0002], [122944000.0, 0.003], [122940000.0, 0.0], [122931000.0, 0.0], [122930000.0, 0.0], [122926000.0, 0.0024], [122918000.0, 0.0]], "asks": [[122968000.0, 0.0005], [122973000.0, 0.0069], [122980000.0, 0.0004], [122992000.0, 0.0203], [122995000.0, 0.0023], [122997000.0, 0.1363], [122998000.0, 0.0852], [123000000.0, 0.1049], [123001000.0, 0.0001], [123003000.0, 0.0081]]},
{"timestamp": "1743933271757", "bids": [[122960000.0, 0.1505], [122956000.0, 0.0], [122950000.0, 0.0057], [122949000.0, 0.0002], [122944000.0, 0.003], [122940000.0, 0.0], [122931000.0, 0.0], [122930000.0, 0.0], [122926000.0, 0.0024], [122918000.0, 0.0]], "asks": [[122968000.0, 0.0005], [122973000.0, 0.0069], [122980000.0, 0.0004], [122992000.0, 0.0203], [122994000.0, 0.0023], [122999000.0, 0.1363], [123000000.0, 0.1049], [123001000.0, 0.0001], [123003000.0, 0.0081], [123004000.0, 0.0001]]},
{"timestamp": "1743933272296", "bids": [[122960000.0, 0.1505], [122956000.0, 0.0], [122950000.0, 0.0057], [122949000.0, 0.0002], [122944000.0, 0.003], [122940000.0, 0.0], [122931000.0, 0.0], [122930000.0, 0.0], [122926000.0, 0.0024], [122918000.0, 0.0]], "asks": [[122968000.0, 0.0005], [122973000.0, 0.0069], [122980000.0, 0.0004], [122992000.0, 0.0203], [122994000.0, 0.0023], [122998000.0, 0.0852], [122999000.0, 0.1363], [123000000.0, 0.1049], [123001000.0, 0.0001], [123003000.0, 0.0081]]},
{"timestamp": "1743933272791", "bids": [[122960000.0, 0.1505], [122956000.0, 0.0], [122950000.0, 0.0057], [122949000.0, 0.0002], [122944000.0, 0.003], [122940000.0, 0.0], [122931000.0, 0.0], [122930000.0, 0.0], [122926000.0, 0.0024], [122918000.0, 0.0]], "asks": [[122968000.0, 0.0005], [122973000.0, 0.0069], [122980000.0, 0.0004], [122992000.0, 0.0203], [122994000.0, 0.0023], [122997000.0, 0.1363], [122998000.0, 0.0852], [123000000.0, 0.1049], [123001000.0, 0.0001], [123003000.0, 0.0081]]},
{"timestamp": "1743933273288", "bids": [[122960000.0, 0.1505], [122956000.0, 0.0], [122950000.0, 0.0057], [122949000.0, 0.0002], [122944000.0, 0.003], [122940000.0, 0.0], [122931000.0, 0.0], [122930000.0, 0.0], [122926000.0, 0.0024], [122918000.0, 0.0]], "asks": [[122968000.0, 0.0005], [122973000.0, 0.0069], [122980000.0, 0.0004], [122992000.0, 0.0203], [122994000.0, 0.0023], [122997000.0, 0.1363], [123000000.0, 0.1049], [123001000.0, 0.0001], [123003000.0, 0.0081], [123004000.0, 0.0001]]},
{"timestamp": "1743933273793", "bids": [[122960000.0, 0.1505], [122956000.0, 0.0], [122950000.0, 0.0057], [122949000.0, 0.0002], [122944000.0, 0.003], [122940000.0, 0.0], [122931000.0, 0.0], [122930000.0, 0.0], [122926000.0, 0.0024], [122918000.0, 0.0]], "asks": [[122968000.0, 0.0005], [122973000.0, 0.0069], [122980000.0, 0.0004], [122992000.0, 0.0203], [122994000.0, 0.0023], [122998000.0, 0.0852], [122999000.0, 0.1363], [123000000.0, 0.1049], [123001000.0, 0.0001], [123003000.0, 0.0081]]},
{"timestamp": "1743933274324", "bids": [[122960000.0, 0.1505], [122956000.0, 0.0], [122950000.0, 0.0057], [122949000.0, 0.0002], [122944000.0, 0.003], [122940000.0, 0.0], [122931000.0, 0.0], [122930000.0, 0.0], [122926000.0, 0.0024], [122918000.0, 0.0]], "asks": [[122968000.0, 0.0005], [122973000.0, 0.0069], [122980000.0, 0.0004], [122992000.0, 0.0203], [122994000.0, 0.0023], [122997000.0, 0.1363], [122998000.0, 0.0852], [123000000.0, 0.1049], [123001000.0, 0.0001], [123003000.0, 0.0081]]},
{"timestamp": "1743933274822", "bids": [[122960000.0, 0.1505], [122956000.0, 0.0], [122950000.0, 0.0057], [122949000.0, 0.0002], [122944000.0, 0.003], [122940000.0, 0.0], [122931000.0, 0.0], [122930000.0, 0.0], [122926000.0, 0.0024], [122918000.0, 0.0]], "asks": [[122968000.0, 0.0005], [122973000.0, 0.0069], [122980000.0, 0.0004], [122992000.0, 0.0203], [122994000.0, 0.0023], [122997000.0, 0.1363], [123000000.0, 0.1049], [123001000.0, 0.0001], [123003000.0, 0.0081], [123004000.0, 0.0001]]},
{"timestamp": "1743933275351", "bids": [[122960000.0, 0.1505], [122956000.0, 0.0], [122950000.0, 0.0057], [122949000.0, 0.0002], [122944000.0, 0.003], [122940000.0, 0.0], [122931000.0, 0.0], [122930000.0, 0.0], [122926000.0, 0.0024], [122918000.0, 0.0]], "asks": [[122968000.0, 0.0005], [122973000.0, 0.0069], [122980000.0, 0.0004], [122992000.0, 0.0203], [122994000.0, 0.0023], [122999000.0, 0.1363], [123000000.0, 0.1049], [123001000.0, 0.0001], [123003000.0, 0.0081], [123004000.0, 0.0001]]},
{"timestamp": "1743933275843", "bids": [[122960000.0, 0.1505], [122956000.0, 0.0], [122950000.0, 0.0057], [122949000.0, 0.0002], [122944000.0, 0.003], [122940000.0, 0.0], [122931000.0, 0.0], [122930000.0, 0.0], [122926000.0, 0.0024], [122918000.0, 0.0]], "asks": [[122968000.0, 0.0005], [122973000.0, 0.0069], [122980000.0, 0.0004], [122992000.0, 0.0203], [122994000.0, 0.0023], [122998000.0, 0.0852], [122999000.0, 0.1363], [123000000.0, 0.1049], [123001000.0, 0.0001], [123003000.0, 0.0081]]},
{"timestamp": "1743933276379", "bids": [[122960000.0, 0.1505], [122956000.0, 0.0], [122950000.0, 0.0057], [122949000.0, 0.0002], [122944000.0, 0.003], [122940000.0, 0.0], [122931000.0, 0.0], [122930000.0, 0.0], [122926000.0, 0.0024], [122918000.0, 0.0]], "asks": [[122968000.0, 0.0004], [122973000.0, 0.0069], [122980000.0, 0.0004], [122992000.0, 0.0203], [122994000.0, 0.0023], [123000000.0, 0.1049], [123001000.0, 0.0001], [123003000.0, 0.0081], [123004000.0, 0.0001], [123005000.0, 0.0081]]},
{"timestamp": "1743933276882", "bids": [[122960000.0, 0.1505], [122956000.0, 0.0], [122950000.0, 0.0057], [122949000.0, 0.0002], [122944000.0, 0.003], [122940000.0, 0.0], [122931000.0, 0.0], [122930000.0, 0.0], [122926000.0, 0.0024], [122918000.0, 0.0]], "asks": [[122968000.0, 0.0003], [122973000.0, 0.0069], [122980000.0, 0.0004], [122992000.0, 0.0203], [122994000.0, 0.0023], [122999000.0, 0.2215], [123000000.0, 0.1049], [123001000.0, 0.0001], [123003000.0, 0.0081], [123004000.0, 0.0001]]},
{"timestamp": "1743933277672", "bids": [[122960000.0, 0.1505], [122956000.0, 0.0], [122950000.0, 0.0057], [122949000.0, 0.0002], [122944000.0, 0.003], [122940000.0, 0.0], [122931000.0, 0.0], [122930000.0, 0.0], [122926000.0, 0.0024], [122918000.0, 0.0]], "asks": [[122968000.0, 0.0003], [122973000.0, 0.0069], [122980000.0, 0.0004], [122992000.0, 0.0203], [122994000.0, 0.0023], [122997000.0, 0.1363], [123000000.0, 0.1049], [123001000.0, 0.0001], [123003000.0, 0.0081], [123004000.0, 0.0001]]},
{"timestamp": "1743933277944", "bids": [[122960000.0, 0.1505], [122956000.0, 0.0], [122950000.0, 0.0057], [122949000.0, 0.0002], [122944000.0, 0.003], [122940000.0, 0.0], [122931000.0, 0.0], [122930000.0, 0.0], [122926000.0, 0.0024], [122918000.0, 0.0]], "asks": [[122968000.0, 0.0003], [122973000.0, 0.0069], [122980000.0, 0.0004], [122992000.0, 0.0203], [122994000.0, 0.0023], [122999000.0, 0.1363], [123000000.0, 0.1049], [123001000.0, 0.0001], [123003000.0, 0.0081], [123004000.0, 0.0001]]},
{"timestamp": "1743933278436", "bids": [[122960000.0, 0.1505], [122956000.0, 0.0], [122950000.0, 0.0057], [122949000.0, 0.0002], [122944000.0, 0.003], [122940000.0, 0.0], [122931000.0, 0.0], [122930000.0, 0.0], [122926000.0, 0.0024], [122918000.0, 0.0]], "asks": [[122968000.0, 0.0003], [122973000.0, 0.0069], [122980000.0, 0.0004], [122992000.0, 0.0203], [122994000.0, 0.0023], [122998000.0, 0.0852], [122999000.0, 0.1363], [123000000.0, 0.1049], [123001000.0, 0.0001], [123003000.0, 0.0081]]},
{"timestamp": "1743933278914", "bids": [[122960000.0, 0.1505], [122956000.0, 0.0], [122950000.0, 0.0057], [122949000.0, 0.0002], [122944000.0, 0.003], [122940000.0, 0.0], [122931000.0, 0.0], [122930000.0, 0.0], [122926000.0, 0.0024], [122918000.0, 0.0]], "asks": [[122968000.0, 0.0003], [122973000.0, 0.0069], [122980000.0, 0.0004], [122992000.0, 0.0203], [122995000.0, 0.0023], [122997000.0, 0.1363], [123000000.0, 0.1049], [123001000.0, 0.0001], [123003000.0, 0.0081], [123004000.0, 0.0001]]},
{"timestamp": "1743933279501", "bids": [[122960000.0, 0.1505], [122956000.0, 0.0], [122950000.0, 0.0057], [122949000.0, 0.0002], [122944000.0, 0.003], [122940000.0, 0.0], [122931000.0, 0.0], [122930000.0, 0.0], [122926000.0, 0.0024], [122918000.0, 0.0]], "asks": [[122968000.0, 0.0003], [122973000.0, 0.0069], [122980000.0, 0.0004], [122992000.0, 0.0203], [122995000.0, 0.0023], [122999000.0, 0.2215], [123000000.0, 0.1049], [123001000.0, 0.0001], [123003000.0, 0.0081], [123004000.0, 0.0001]]},
{"timestamp": "1743933279958", "bids": [[122960000.0, 0.1505], [122956000.0, 0.0], [122950000.0, 0.0057], [122949000.0, 0.0002], [122944000.0, 0.003], [122940000.0, 0.0], [122931000.0, 0.0], [122930000.0, 0.0], [122926000.0, 0.0024], [122918000.0, 0.0]], "asks": [[122968000.0, 0.0003], [122973000.0, 0.0069], [122980000.0, 0.0004], [122992000.0, 0.0203], [122995000.0, 0.0023], [122999000.0, 0.2215], [123000000.0, 0.1049], [123001000.0, 0.0001], [123003000.0, 0.0081], [123004000.0, 0.0001]]},
{"timestamp": "1743933280521", "bids": [[122960000.0, 0.1505], [122956000.0, 0.0], [122950000.0, 0.0057], [122949000.0, 0.0002], [122944000.0, 0.003], [122940000.0, 0.0], [122931000.0, 0.0], [122930000.0, 0.0], [122926000.0, 0.0024], [122918000.0, 0.0]], "asks": [[122968000.0, 0.0003], [122973000.0, 0.0069], [122980000.0, 0.0004], [122992000.0, 0.0203], [122995000.0, 0.0023], [122998000.0, 0.2215], [123000000.0, 0.1049], [123001000.0, 0.0001], [123003000.0, 0.0081], [123004000.0, 0.0001]]},
{"timestamp": "1743933281039", "bids": [[122960000.0, 0.1505], [122956000.0, 0.0], [122950000.0, 0.0057], [122949000.0, 0.0002], [122944000.0, 0.003], [122940000.0, 0.0], [122931000.0, 0.0], [122930000.0, 0.0], [122926000.0, 0.0024], [122918000.0, 0.0]], "asks": [[122968000.0, 0.0003], [122973000.0, 0.0069], [122980000.0, 0.0004], [122992000.0, 0.0203], [122995000.0, 0.0023], [122997000.0, 0.2215], [123000000.0, 0.1049], [123001000.0, 0.0001], [123003000.0, 0.0081], [123004000.0, 0.0001]]},
{"timestamp": "1743933281497", "bids": [[122960000.0, 0.1505], [122956000.0, 0.0], [122950000.0, 0.0057], [122949000.0, 0.0002], [122944000.0, 0.003], [122940000.0, 0.0], [122931000.0, 0.0], [122930000.0, 0.0], [122926000.0, 0.0024], [122918000.0, 0.0]], "asks": [[122968000.0, 0.0003], [122973000.0, 0.0069], [122980000.0, 0.0004], [122992000.0, 0.0203], [122995000.0, 0.0023], [122999000.0, 0.1363], [123000000.0, 0.1049], [123001000.0, 0.0001], [123003000.0, 0.0081], [123004000.0, 0.0001]]},
{"timestamp": "1743933281976", "bids": [[122960000.0, 0.1505], [122956000.0, 0.0], [122950000.0, 0.0057], [122949000.0, 0.0002], [122944000.0, 0.003], [122940000.0, 0.0], [122931000.0, 0.0], [122930000.0, 0.0], [122926000.0, 0.0024], [122918000.0, 0.0]], "asks": [[122968000.0, 0.0003], [122973000.0, 0.0069], [122980000.0, 0.0004], [122992000.0, 0.0203], [122995000.0, 0.0023], [122998000.0, 0.0852], [122999000.0, 0.1363], [123000000.0, 0.1049], [123001000.0, 0.0001], [123003000.0, 0.0081]]},
{"timestamp": "1743933282507", "bids": [[122960000.0, 0.1505], [122956000.0, 0.0], [122950000.0, 0.0057], [122949000.0, 0.0002], [122944000.0, 0.003], [122940000.0, 0.0], [122931000.0, 0.0], [122930000.0, 0.0], [122926000.0, 0.0024], [122918000.0, 0.0]], "asks": [[122968000.0, 0.0003], [122973000.0, 0.0069], [122980000.0, 0.0004], [122992000.0, 0.0203], [122995000.0, 0.0023], [122997000.0, 0.1363], [123000000.0, 0.1049], [123001000.0, 0.0001], [123003000.0, 0.0081], [123004000.0, 0.0001]]},
{"timestamp": "1743933283026", "bids": [[122960000.0, 0.1505], [122956000.0, 0.0], [122950000.0, 0.0057], [122949000.0, 0.0002], [122944000.0, 0.003], [122940000.0, 0.0], [122931000.0, 0.0], [122930000.0, 0.0], [122926000.0, 0.0024], [122918000.0, 0.0]], "asks": [[122968000.0, 0.0003], [122973000.0, 0.0069], [122980000.0, 0.0004], [122992000.0, 0.0203], [122995000.0, 0.0023], [122999000.0, 0.1363], [123000000.0, 0.1049], [123001000.0, 0.0001], [123003000.0, 0.0081], [123004000.0, 0.0001]]},
{"timestamp": "1743933283530", "bids": [[122960000.0, 0.1505], [122956000.0, 0.0], [122950000.0, 0.0057], [122949000.0, 0.0002], [122944000.0, 0.003], [122940000.0, 0.0], [122931000.0, 0.0], [122930000.0, 0.0], [122926000.0, 0.0024], [122918000.0, 0.0]], "asks": [[122968000.0, 0.0003], [122973000.0, 0.0069], [122980000.0, 0.0004], [122992000.0, 0.0203], [122995000.0, 0.0023], [122998000.0, 0.0852], [122999000.0, 0.1363], [123000000.0, 0.1049], [123001000.0, 0.0001], [123003000.0, 0.0081]]},
{"timestamp": "1743933284030", "bids": [[122960000.0, 0.1505], [122956000.0, 0.0], [122950000.0, 0.0057], [122949000.0, 0.0002], [122944000.0, 0.003], [122940000.0, 0.0], [122931000.0, 0.0], [122930000.0, 0.0], [122926000.0, 0.0024], [122918000.0, 0.0]], "asks": [[122968000.0, 0.0003], [122973000.0, 0.0069], [122980000.0, 0.0004], [122992000.0, 0.0203], [122995000.0, 0.0023], [122997000.0, 0.1363], [123000000.0, 0.1049], [123001000.0, 0.0001], [123003000.0, 0.0081], [123004000.0, 0.0001]]},
{"timestamp": "1743933284536", "bids": [[122960000.0, 0.1505], [122956000.0, 0.0], [122950000.0, 0.0057], [122949000.0, 0.0002], [122944000.0, 0.003], [122940000.0, 0.0], [122931000.0, 0.0], [122930000.0, 0.0], [122926000.0, 0.0024], [122918000.0, 0.0]], "asks": [[122968000.0, 0.0003], [122973000.0, 0.0069], [122980000.0, 0.0004], [122992000.0, 0.0203], [122995000.0, 0.0023], [122999000.0, 0.1363], [123000000.0, 0.1049], [123001000.0, 0.0001], [123003000.0, 0.0081], [123004000.0, 0.0001]]},
{"timestamp": "1743933285064", "bids": [[122960000.0, 0.1505], [122956000.0, 0.0], [122950000.0, 0.0057], [122949000.0, 0.0002], [122944000.0, 0.003], [122940000.0, 0.0], [122931000.0, 0.0], [122930000.0, 0.0], [122926000.0, 0.0024], [122918000.0, 0.0]], "asks": [[122968000.0, 0.0003], [122973000.0, 0.0069], [122980000.0, 0.0004], [122992000.0, 0.0203], [122995000.0, 0.0023], [122998000.0, 0.0852], [122999000.0, 0.1363], [123000000.0, 0.1049], [123001000.0, 0.0001], [123003000.0, 0.0081]]},
{"timestamp": "1743933285570", "bids": [[122960000.0, 0.1505], [122956000.0, 0.0], [122950000.0, 0.0057], [122949000.0, 0.0002], [122944000.0, 0.003], [122940000.0, 0.0], [122931000.0, 0.0], [122930000.0, 0.0], [122926000.0, 0.0024], [122918000.0, 0.0]], "asks": [[122968000.0, 0.0003], [122973000.0, 0.0069], [122980000.0, 0.0004], [122991000.0, 0.1363], [122992000.0, 0.0203], [122995000.0, 0.0023], [123000000.0, 0.1049], [123001000.0, 0.0001], [123003000.0, 0.0081], [123004000.0, 0.0001]]},
{"timestamp": "1743933286115", "bids": [[122960000.0, 0.1505], [122956000.0, 0.0], [122950000.0, 0.0057], [122949000.0, 0.0002], [122944000.0, 0.003], [122940000.0, 0.0], [122931000.0, 0.0], [122930000.0, 0.0], [122926000.0, 0.0024], [122918000.0, 0.0]], "asks": [[122968000.0, 0.0003], [122973000.0, 0.0069], [122980000.0, 0.0004], [122991000.0, 0.1363], [122992000.0, 0.0203], [122995000.0, 0.0023], [123000000.0, 0.1049], [123001000.0, 0.0001], [123003000.0, 0.0081], [123004000.0, 0.0001]]},
{"timestamp": "1743933286613", "bids": [[122960000.0, 0.1505], [122956000.0, 0.0], [122950000.0, 0.0057], [122949000.0, 0.0002], [122944000.0, 0.003], [122940000.0, 0.0], [122931000.0, 0.0], [122930000.0, 0.0], [122926000.0, 0.0024], [122918000.0, 0.0]], "asks": [[122968000.0, 0.0003], [122973000.0, 0.0069], [122980000.0, 0.0004], [122991000.0, 0.1363], [122992000.0, 0.0203], [122995000.0, 0.0023], [123000000.0, 0.1049], [123001000.0, 0.0001], [123003000.0, 0.0081], [123004000.0, 0.0001]]},
{"timestamp": "1743933287111", "bids": [[122960000.0, 0.1505], [122956000.0, 0.0], [122950000.0, 0.0057], [122949000.0, 0.0002], [122944000.0, 0.003], [122940000.0, 0.0], [122931000.0, 0.0], [122930000.0, 0.0], [122926000.0, 0.0024], [122918000.0, 0.0]], "asks": [[122968000.0, 0.0003], [122973000.0, 0.0069], [122980000.0, 0.0004], [122991000.0, 0.1363], [122992000.0, 0.0203], [122995000.0, 0.0023], [123000000.0, 0.1049], [123001000.0, 0.0001], [123003000.0, 0.0081], [123004000.0, 0.0001]]},
{"timestamp": "1743933287633", "bids": [[122960000.0, 0.1505], [122956000.0, 0.0], [122950000.0, 0.0057], [122949000.0, 0.0002], [122944000.0, 0.003], [122940000.0, 0.0], [122931000.0, 0.0], [122930000.0, 0.0], [122926000.0, 0.0024], [122918000.0, 0.0]], "asks": [[122968000.0, 0.0003], [122973000.0, 0.0069], [122980000.0, 0.0004], [122991000.0, 0.1363], [122992000.0, 0.0203], [122995000.0, 0.0023], [123000000.0, 0.1049], [123001000.0, 0.0001], [123003000.0, 0.0081], [123004000.0, 0.0001]]},
{"timestamp": "1743933288151", "bids": [[122960000.0, 0.1505], [122956000.0, 0.0], [122950000.0, 0.0057], [122949000.0, 0.0002], [122944000.0, 0.003], [122940000.0, 0.0], [122931000.0, 0.0], [122930000.0, 0.0], [122926000.0, 0.0024], [122918000.0, 0.0]], "asks": [[122968000.0, 0.0003], [122973000.0, 0.0069], [122980000.0, 0.0004], [122991000.0, 0.1363], [122992000.0, 0.0203], [122995000.0, 0.0023], [123000000.0, 0.1049], [123001000.0, 0.0001], [123003000.0, 0.0081], [123004000.0, 0.0001]]},
{"timestamp": "1743933288663", "bids": [[122960000.0, 0.1505], [122956000.0, 0.0], [122950000.0, 0.0057], [122949000.0, 0.0002], [122944000.0, 0.003], [122940000.0, 0.0], [122931000.0, 0.0], [122930000.0, 0.0], [122926000.0, 0.0024], [122918000.0, 0.0]], "asks": [[122968000.0, 0.0003], [122973000.0, 0.0069], [122980000.0, 0.0004], [122991000.0, 0.1363], [122992000.0, 0.0203], [122995000.0, 0.0023], [123000000.0, 0.1049], [123001000.0, 0.0001], [123003000.0, 0.0081], [123004000.0, 0.0001]]},
{"timestamp": "1743933289171", "bids": [[122960000.0, 0.1505], [122956000.0, 0.0], [122950000.0, 0.0057], [122949000.0, 0.0002], [122944000.0, 0.003], [122940000.0, 0.0], [122931000.0, 0.0], [122930000.0, 0.0], [122926000.0, 0.0024], [122918000.0, 0.0]], "asks": [[122968000.0, 0.0003], [122973000.0, 0.0069], [122980000.0, 0.0004], [122991000.0, 0.1363], [122992000.0, 0.0203], [122995000.0, 0.0023], [123000000.0, 0.1049], [123001000.0, 0.0001], [123003000.0, 0.0081], [123004000.0, 0.0001]]},
{"timestamp": "1743933289666", "bids": [[122960000.0, 0.1505], [122956000.0, 0.0], [122950000.0, 0.0057], [122949000.0, 0.0002], [122944000.0, 0.003], [122940000.0, 0.0], [122931000.0, 0.0], [122930000.0, 0.0], [122926000.0, 0.0024], [122918000.0, 0.0]], "asks": [[122968000.0, 0.0003], [122973000.0, 0.0069], [122980000.0, 0.0004], [122991000.0, 0.1363], [122992000.0, 0.0203], [122995000.0, 0.0023], [123000000.0, 0.1049], [123001000.0, 0.0001], [123003000.0, 0.0081], [123004000.0, 0.0001]]},
{"timestamp": "1743933290192", "bids": [[122960000.0, 0.1505], [122956000.0, 0.0], [122950000.0, 0.0057], [122949000.0, 0.0002], [122944000.0, 0.003], [122940000.0, 0.0], [122931000.0, 0.0], [122930000.0, 0.0], [122926000.0, 0.0024], [122918000.0, 0.0]], "asks": [[122968000.0, 0.0003], [122973000.0, 0.0069], [122980000.0, 0.0004], [122991000.0, 0.1363], [122992000.0, 0.0203], [122995000.0, 0.0023], [123000000.0, 0.1049], [123001000.0, 0.0001], [123003000.0, 0.0081], [123004000.0, 0.0001]]},
{"timestamp": "1743933290680", "bids": [[122960000.0, 0.1505], [122956000.0, 0.0], [122950000.0, 0.0057], [122949000.0, 0.0002], [122944000.0, 0.003], [122940000.0, 0.0], [122931000.0, 0.0], [122930000.0, 0.0], [122926000.0, 0.0024], [122918000.0, 0.0]], "asks": [[122968000.0, 0.0003], [122973000.0, 0.0069], [122980000.0, 0.0004], [122991000.0, 0.1363], [122992000.0, 0.0203], [122995000.0, 0.0023], [123000000.0, 0.1049], [123001000.0, 0.0001], [123003000.0, 0.0081], [123004000.0, 0.0001]]},
{"timestamp": "1743933291221", "bids": [[122960000.0, 0.1505], [122956000.0, 0.0], [122950000.0, 0.0057], [122949000.0, 0.0002], [122944000.0, 0.003], [122940000.0, 0.0], [122931000.0, 0.0], [122930000.0, 0.0], [122926000.0, 0.0024], [122918000.0, 0.0]], "asks": [[122968000.0, 0.0003], [122973000.0, 0.0069], [122980000.0, 0.0004], [122991000.0, 0.1363], [122992000.0, 0.0203], [122995000.0, 0.0023], [123000000.0, 0.1049], [123001000.0, 0.0001], [123003000.0, 0.0081], [123004000.0, 0.0001]]},
{"timestamp": "1743933291710", "bids": [[122960000.0, 0.1505], [122956000.0, 0.0], [122950000.0, 0.0057], [122949000.0, 0.0002], [122944000.0, 0.003], [122940000.0, 0.0], [122931000.0, 0.0], [122930000.0, 0.0], [122926000.0, 0.0024], [122918000.0, 0.0]], "asks": [[122968000.0, 0.0003], [122973000.0, 0.0069], [122980000.0, 0.0004], [122991000.0, 0.1363], [122992000.0, 0.0203], [122995000.0, 0.0023], [123000000.0, 0.1049], [123001000.0, 0.0001], [123003000.0, 0.0081], [123004000.0, 0.0001]]},
{"timestamp": "1743933292209", "bids": [[122960000.0, 0.1505], [122956000.0, 0.0], [122950000.0, 0.0057], [122949000.0, 0.0002], [122944000.0, 0.003], [122940000.0, 0.0], [122931000.0, 0.0], [122930000.0, 0.0], [122926000.0, 0.0024], [122918000.0, 0.0]], "asks": [[122968000.0, 0.0003], [122973000.0, 0.0069], [122980000.0, 0.0004], [122991000.0, 0.1363], [122992000.0, 0.0203], [122995000.0, 0.0023], [123000000.0, 0.1049], [123001000.0, 0.0001], [123003000.0, 0.0081], [123004000.0, 0.0001]]},
{"timestamp": "1743933292727", "bids": [[122960000.0, 0.1505], [122956000.0, 0.0], [122950000.0, 0.0057], [122949000.0, 0.0002], [122944000.0, 0.003], [122940000.0, 0.0], [122931000.0, 0.0], [122930000.0, 0.0], [122926000.0, 0.0024], [122918000.0, 0.0]], "asks": [[122968000.0, 0.0003], [122973000.0, 0.0069], [122980000.0, 0.0004], [122991000.0, 0.1363], [122992000.0, 0.0203], [122995000.0, 0.0023], [123000000.0, 0.1049], [123001000.0, 0.0001], [123003000.0, 0.0081], [123004000.0, 0.0001]]},
{"timestamp": "1743933293237", "bids": [[122960000.0, 0.1505], [122956000.0, 0.0], [122950000.0, 0.0057], [122949000.0, 0.0002], [122944000.0, 0.003], [122940000.0, 0.0], [122931000.0, 0.0], [122930000.0, 0.0], [122926000.0, 0.0024], [122918000.0, 0.0]], "asks": [[122968000.0, 0.0003], [122973000.0, 0.0069], [122980000.0, 0.0004], [122991000.0, 0.1363], [122992000.0, 0.0203], [122995000.0, 0.0023], [123000000.0, 0.1049], [123001000.0, 0.0001], [123003000.0, 0.0081], [123004000.0, 0.0001]]},
{"timestamp": "1743933293781", "bids": [[122960000.0, 0.1505], [122956000.0, 0.0], [122950000.0, 0.0057], [122949000.0, 0.0002], [122944000.0, 0.003], [122940000.0, 0.0], [122931000.0, 0.0], [122930000.0, 0.0], [122926000.0, 0.0024], [122918000.0, 0.0]], "asks": [[122968000.0, 0.0003], [122973000.0, 0.0069], [122980000.0, 0.0004], [122991000.0, 0.1363], [122992000.0, 0.0203], [122995000.0, 0.0023], [123000000.0, 0.1049], [123001000.0, 0.0001], [123003000.0, 0.0081], [123004000.0, 0.0001]]},
