[
{"timestamp": 1743933181534, "bids": [[122940000.0, 0.0136], [122930000.0, 0.12067979], [122920000.0, 0.0091433], [122910000.0, 0.00862197], [122900000.0, 0.18363559], [122880000.0, 0.12588496], [122870000.0, 0.01406916], [122860000.0, 0.19966058], [122850000.0, 0.32147865], [122840000.0, 0.02]], "asks": [[123340000.0, 0.00162153], [123310000.0, 0.00040629], [123300000.0, 0.01], [123290000.0, 0.21811257], [123280000.0, 0.01392115], [123260000.0, 0.0077], [123230000.0, 0.22110952], [123220000.0, 0.0165619], [123090000.0, 0.02], [123070000.0, 0.28362036]]},
{"timestamp": 1743933192276, "bids": [[122940000.0, 0.0136], [122930000.0, 0.12067979], [122920000.0, 0.0091433], [122910000.0, 0.00862197], [122900000.0, 0.18363559], [122880000.0, 0.12588496], [122870000.0, 0.01406916], [122860000.0, 0.19966058], [122850000.0, 0.32147865], [122840000.0, 0.02]], "asks": [[123340000.0, 0.00162153], [123310000.0, 0.00040629], [123300000.0, 0.01], [123290000.0, 0.21811257], [123280000.0, 0.01392115], [123260000.0, 0.0077], [123230000.0, 0.22110952], [123220000.0, 0.01414959], [123090000.0, 0.02], [123070000.0, 0.28362036]]},
{"timestamp": 1743933193147, "bids": [[122940000.0, 0.0136], [122930000.0, 0.12067979], [122920000.0, 0.0091433], [122910000.0, 0.00862197], [122900000.0, 0.18363559], [122880000.0, 0.12588496], [122870000.0, 0.01406916], [122860000.0, 0.19966058], [122850000.0, 0.28527865], [122840000.0, 0.02]], "asks": [[123340000.0, 0.00162153], [123310000.0, 0.00040629], [123300000.0, 0.01], [123290000.0, 0.21811257], [123280000.0, 0.01392115], [123260000.0, 0.0077], [123230000.0, 0.22110952], [123220000.0, 0.01414959], [123090000.0, 0.02], [123070000.0, 0.28362036]]},
{"timestamp": 1743933193374, "bids": [[122940000.0, 0.0136], [122930000.0, 0.12067979], [122920000.0, 0.0091433], [122910000.0, 0.00862197], [122900000.0, 0.18363559], [122880000.0, 0.12588496], [122870000.0, 0.01406916], [122860000.0, 0.23576058], [122850000.0, 0.28527865], [122840000.0, 0.02]], "asks": [[123340000.0, 0.00162153], [123310000.0, 0.00040629], [123300000.0, 0.01], [123290000.0, 0.21811257], [123280000.0, 0.01392115], [123260000.0, 0.0077], [123230000.0, 0.22110952], [123220000.0, 0.01414959], [123090000.0, 0.02], [123070000.0, 0.28362036]]},
{"timestamp": 1743933193844, "bids": [[122940000.0, 0.0136], [122930000.0, 0.12067979], [122920000.0, 0.0091433], [122910000.0, 0.00862197], [122900000.0, 0.18363559], [122880000.0, 0.12588496], [122870000.0, 0.01406916], [122860000.0, 0.23576058], [122850000.0, 0.28527865], [122840000.0, 0.02]], "asks": [[123340000.0, 0.00162153], [123310000.0, 0.00040629], [123300000.0, 0.01], [123290000.0, 0.21811257], [123280000.0, 0.01392115], [123260000.0, 0.0077], [123230000.0, 0.22110952], [123220000.0, 0.01414959], [123090000.0, 0.02], [123070000.0, 0.28362036]]},
{"timestamp": 1743933194379, "bids": [[122940000.0, 0.0136], [122930000.0, 0.12067979], [122920000.0, 0.0091433], [122910000.0, 0.00862197], [122900000.0, 0.18363559], [122880000.0, 0.12588496], [122870000.0, 0.01406916], [122860000.0, 0.23576058], [122850000.0, 0.28527865], [122840000.0, 0.02]], "asks": [[123340000.0, 0.00162153], [123310000.0, 0.00040629], [123300000.0, 0.01], [123290000.0, 0.21811257], [123280000.0, 0.01392115], [123260000.0, 0.0077], [123230000.0, 0.22110952], [123220000.0, 0.01414959], [123090000.0, 0.02], [123070000.0, 0.28362036]]},
{"timestamp": 1743933194677, "bids": [[122940000.0, 0.0136], [122930000.0, 0.12067979], [122920000.0, 0.0091433], [122910000.0, 0.00862197], [122900000.0, 0.18363559], [122880000.0, 0.12588496], [122870000.0, 0.01406916], [122860000.0, 0.23576058], [122850000.0, 0.28527865], [122840000.0, 0.02]], "asks": [[123340000.0, 0.00162153], [123310000.0, 0.00040629], [123300000.0, 0.01], [123290000.0, 0.21811257], [123280000.0, 0.01392115], [123260000.0, 0.0077], [123230000.0, 0.22110952], [123220000.0, 0.01414959], [123090000.0, 0.02], [123070000.0, 0.28362036]]},
{"timestamp": 1743933195182, "bids": [[122940000.0, 0.0138], [122930000.0, 0.12067979], [122920000.0, 0.0091433], [122910000.0, 0.00862197], [122900000.0, 0.18363559], [122880000.0, 0.12588496], [122870000.0, 0.01406916], [122860000.0, 0.23576058], [122850000.0, 0.28527865], [122840000.0, 0.02]], "asks": [[123340000.0, 0.00162153], [123310000.0, 0.00040629], [123300000.0, 0.01], [123290000.0, 0.21811257], [123280000.0, 0.01392115], [123260000.0, 0.0077], [123230000.0, 0.22110952], [123220000.0, 0.01414959], [123090000.0, 0.02], [123070000.0, 0.28362036]]},
{"timestamp": 1743933199367, "bids": [[122940000.0, 0.0138], [122930000.0, 0.12067979], [122920000.0, 0.0091433], [122910000.0, 0.00862197], [122900000.0, 0.18363559], [122880000.0, 0.12588496], [122870000.0, 0.01406916], [122860000.0, 0.23576058], [122850000.0, 0.28527865], [122840000.0, 0.02]], "asks": [[123340000.0, 0.00162153], [123310000.0, 0.00040629], [123300000.0, 0.01], [123290000.0, 0.21811257], [123280000.0, 0.01392115], [123260000.0, 0.0077], [123230000.0, 0.22110952], [123220000.0, 0.01414959], [123090000.0, 0.02], [123070000.0, 0.28362036]]},
{"timestamp": 1743933199664, "bids": [[122940000.0, 0.0138], [122930000.0, 0.12067979], [122920000.0, 0.0091433], [122910000.0, 0.00862197], [122900000.0, 0.18363559], [122880000.0, 0.12588496], [122870000.0, 0.01406916], [122860000.0, 0.23576058], [122850000.0, 0.28527865], [122840000.0, 0.02]], "asks": [[123340000.0, 0.00162153], [123310000.0, 0.00040629], [123300000.0, 0.01], [123290000.0, 0.21811257], [123280000.0, 0.01392115], [123260000.0, 0.0077], [123230000.0, 0.22110952], [123220000.0, 0.01414959], [123090000.0, 0.02], [123070000.0, 0.28362036]]},
{"timestamp": 1743933201782, "bids": [[122940000.0, 0.0138], [122930000.0, 0.12067979], [122920000.0, 0.0091433], [122910000.0, 0.00862197], [122900000.0, 0.18363559], [122880000.0, 0.12588496], [122870000.0, 0.01406916], [122860000.0, 0.23576058], [122850000.0, 0.28527865], [122840000.0, 0.02]], "asks": [[123340000.0, 0.00162153], [123310000.0, 0.00040629], [123300000.0, 0.01], [123290000.0, 0.21811257], [123280000.0, 0.01392115], [123260000.0, 0.0077], [123230000.0, 0.22110952], [123220000.0, 0.01414959], [123090000.0, 0.02], [123070000.0, 0.28362036]]},
{"timestamp": 1743933203453, "bids": [[122940000.0, 0.0138], [122930000.0, 0.12067979], [122920000.0, 0.0091433], [122910000.0, 0.00862197], [122900000.0, 0.18363559], [122880000.0, 0.12588496], [122870000.0, 0.01406916], [122860000.0, 0.23576058], [122850000.0, 0.28527865], [122840000.0, 0.02]], "asks": [[123340000.0, 0.00162153], [123310000.0, 0.00040629], [123300000.0, 0.01], [123290000.0, 0.21811257], [123280000.0, 0.01392115], [123260000.0, 0.0077], [123230000.0, 0.22110952], [123220000.0, 0.02369205], [123090000.0, 0.02], [123070000.0, 0.28362036]]},
{"timestamp": 1743933204368, "bids": [[122940000.0, 0.0138], [122930000.0, 0.12067979], [122920000.0, 0.0091433], [122910000.0, 0.00862197], [122900000.0, 0.18363559], [122880000.0, 0.12588496], [122870000.0, 0.01406916], [122860000.0, 0.23576058], [122850000.0, 0.28527865], [122840000.0, 0.02]], "asks": [[123340000.0, 0.00162153], [123310000.0, 0.00040629], [123300000.0, 0.01], [123290000.0, 0.21811257], [123280000.0, 0.01392115], [123260000.0, 0.0077], [123230000.0, 0.22110952], [123220000.0, 0.02369205], [123090000.0, 0.02], [123070000.0, 0.28362036]]},
{"timestamp": 1743933204670, "bids": [[122940000.0, 0.0138], [122930000.0, 0.12067979], [122920000.0, 0.0091433], [122910000.0, 0.00862197], [122900000.0, 0.18363559], [122880000.0, 0.12588496], [122870000.0, 0.01406916], [122860000.0, 0.23576058], [122850000.0, 0.28527865], [122840000.0, 0.02]], "asks": [[123340000.0, 0.00162153], [123310000.0, 0.00040629], [123300000.0, 0.01], [123290000.0, 0.21811257], [123280000.0, 0.01392115], [123260000.0, 0.0077], [123230000.0, 0.22110952], [123220000.0, 0.02369205], [123090000.0, 0.02], [123070000.0, 0.28362036]]},
{"timestamp": 1743933206579, "bids": [[122940000.0, 0.0138], [122930000.0, 0.12067979], [122920000.0, 0.0091433], [122910000.0, 0.00862197], [122900000.0, 0.18363559], [122880000.0, 0.12588496], [122870000.0, 0.01406916], [122860000.0, 0.23576058], [122850000.0, 0.28527865], [122840000.0, 0.02]], "asks": [[123340000.0, 0.00162153], [123310000.0, 0.00040629], [123300000.0, 0.01], [123290000.0, 0.21811257], [123280000.0, 0.01392115], [123260000.0, 0.0077], [123230000.0, 0.22110952], [123220000.0, 0.02369205], [123090000.0, 0.02], [123070000.0, 0.28362036]]},
{"timestamp": 1743933206681, "bids": [[122940000.0, 0.0138], [122930000.0, 0.12067979], [122920000.0, 0.0091433], [122910000.0, 0.00862197], [122900000.0, 0.18363559], [122880000.0, 0.12588496], [122870000.0, 0.01406916], [122860000.0, 0.23576058], [122850000.0, 0.28527865], [122840000.0, 0.02]], "asks": [[123340000.0, 0.00162153], [123310000.0, 0.00040629], [123300000.0, 0.01], [123290000.0, 0.21811257], [123280000.0, 0.01392115], [123260000.0, 0.0077], [123230000.0, 0.22110952], [123220000.0, 0.02369205], [123090000.0, 0.02], [123070000.0, 0.28362036]]},
{"timestamp": 1743933207182, "bids": [[122940000.0, 0.0138], [122930000.0, 0.12067979], [122920000.0, 0.0091433], [122910000.0, 0.00862197], [122900000.0, 0.18363559], [122880000.0, 0.12588496], [122870000.0, 0.01406916], [122860000.0, 0.23576058], [122850000.0, 0.28527865], [122840000.0, 0.02]], "asks": [[123340000.0, 0.00162153], [123310000.0, 0.00040629], [123300000.0, 0.01], [123290000.0, 0.21811257], [123280000.0, 0.01392115], [123260000.0, 0.0077], [123230000.0, 0.22110952], [123220000.0, 0.02482007], [123090000.0, 0.02], [123070000.0, 0.28362036]]},
{"timestamp": 1743933207700, "bids": [[122940000.0, 0.0138], [122930000.0, 0.12067979], [122920000.0, 0.0091433], [122910000.0, 0.00862197], [122900000.0, 0.18363559], [122880000.0, 0.16198496], [122870000.0, 0.01406916], [122860000.0, 0.19966058], [122850000.0, 0.28527865], [122840000.0, 0.02]], "asks": [[123340000.0, 0.00162153], [123310000.0, 0.00040629], [123300000.0, 0.01], [123290000.0, 0.21811257], [123280000.0, 0.01392115], [123260000.0, 0.0077], [123230000.0, 0.22110952], [123220000.0, 0.00994115], [123090000.0, 0.02], [123070000.0, 0.28362036]]},
{"timestamp": 1743933209370, "bids": [[122940000.0, 0.0138], [122930000.0, 0.12067979], [122920000.0, 0.0091433], [122910000.0, 0.00862197], [122900000.0, 0.18363559], [122880000.0, 0.16198496], [122870000.0, 0.01406916], [122860000.0, 0.19966058], [122850000.0, 0.28527865], [122840000.0, 0.02]], "asks": [[123340000.0, 0.00162153], [123310000.0, 0.00040629], [123300000.0, 0.01], [123290000.0, 0.21811257], [123280000.0, 0.01392115], [123260000.0, 0.0077], [123230000.0, 0.22110952], [123220000.0, 0.00994115], [123090000.0, 0.02], [123070000.0, 0.28362036]]},
{"timestamp": 1743933209674, "bids": [[122940000.0, 0.0138], [122930000.0, 0.12067979], [122920000.0, 0.0091433], [122910000.0, 0.00862197], [122900000.0, 0.18363559], [122880000.0, 0.16198496], [122870000.0, 0.01406916], [122860000.0, 0.19966058], [122850000.0, 0.28527865], [122840000.0, 0.02]], "asks": [[123340000.0, 0.00162153], [123310000.0, 0.00040629], [123300000.0, 0.01], [123290000.0, 0.21811257], [123280000.0, 0.01392115], [123260000.0, 0.0077], [123230000.0, 0.22110952], [123220000.0, 0.00994115], [123090000.0, 0.02], [123070000.0, 0.28362036]]},
{"timestamp": 1743933209848, "bids": [[122940000.0, 0.0138], [122930000.0, 0.12067979], [122920000.0, 0.0091433], [122910000.0, 0.00862197], [122900000.0, 0.18363559], [122880000.0, 0.16198496], [122870000.0, 0.01406916], [122860000.0, 0.19966058], [122850000.0, 0.28527865], [122840000.0, 0.02]], "asks": [[123340000.0, 0.00162153], [123310000.0, 0.00040629], [123300000.0, 0.01], [123290000.0, 0.21811257], [123280000.0, 0.01392115], [123260000.0, 0.0077], [123230000.0, 0.22110952], [123220000.0, 0.02279244], [123090000.0, 0.02], [123070000.0, 0.28362036]]},
{"timestamp": 1743933212189, "bids": [[122940000.0, 0.0138], [122930000.0, 0.12067979], [122920000.0, 0.0091433], [122910000.0, 0.00862197], [122900000.0, 0.18363559], [122880000.0, 0.16198496], [122870000.0, 0.01406916], [122860000.0, 0.19966058], [122850000.0, 0.28527865], [122840000.0, 0.02]], "asks": [[123340000.0, 0.00162153], [123310000.0, 0.00040629], [123300000.0, 0.01], [123290000.0, 0.21811257], [123280000.0, 0.01392115], [123260000.0, 0.0077], [123230000.0, 0.22110952], [123220000.0, 0.02279244], [123090000.0, 0.02], [123070000.0, 0.28362036]]},
{"timestamp": 1743933214370, "bids": [[122940000.0, 0.0138], [122930000.0, 0.12067979], [122920000.0, 0.0091433], [122910000.0, 0.00862197], [122900000.0, 0.18363559], [122880000.0, 0.16198496], [122870000.0, 0.01406916], [122860000.0, 0.19966058], [122850000.0, 0.28527865], [122840000.0, 0.02]], "asks": [[123340000.0, 0.00162153], [123310000.0, 0.00040629], [123300000.0, 0.01], [123290000.0, 0.21811257], [123280000.0, 0.01392115], [123260000.0, 0.0077], [123230000.0, 0.22110952], [123220000.0, 0.02279244], [123090000.0, 0.02], [123070000.0, 0.28362036]]},
{"timestamp": 1743933214668, "bids": [[122940000.0, 0.0113], [122930000.0, 0.12067979], [122920000.0, 0.0091433], [122910000.0, 0.00862197], [122900000.0, 0.18363559], [122880000.0, 0.16198496], [122870000.0, 0.01406916], [122860000.0, 0.19966058], [122850000.0, 0.28527865], [122840000.0, 0.02]], "asks": [[123340000.0, 0.00162153], [123310000.0, 0.00040629], [123300000.0, 0.01], [123290000.0, 0.21811257], [123280000.0, 0.01392115], [123260000.0, 0.0077], [123230000.0, 0.22110952], [123220000.0, 0.02279244], [123090000.0, 0.02], [123070000.0, 0.28362036]]},
{"timestamp": 1743933218618, "bids": [[122940000.0, 0.0113], [122930000.0, 0.12067979], [122920000.0, 0.0091433], [122910000.0, 0.00862197], [122900000.0, 0.18363559], [122880000.0, 0.16198496], [122870000.0, 0.01406916], [122860000.0, 0.19966058], [122850000.0, 0.28527865], [122840000.0, 0.02]], "asks": [[123340000.0, 0.00162153], [123310000.0, 0.00040629], [123300000.0, 0.01], [123290000.0, 0.21811257], [123280000.0, 0.01392115], [123260000.0, 0.0077], [123230000.0, 0.22110952], [123220000.0, 0.02151494], [123090000.0, 0.02], [123070000.0, 0.28362036]]},
{"timestamp": 1743933219367, "bids": [[122940000.0, 0.0113], [122930000.0, 0.12067979], [122920000.0, 0.0091433], [122910000.0, 0.00862197], [122900000.0, 0.18363559], [122880000.0, 0.16198496], [122870000.0, 0.01406916], [122860000.0, 0.19966058], [122850000.0, 0.28527865], [122840000.0, 0.02]], "asks": [[123340000.0, 0.00162153], [123310000.0, 0.00040629], [123300000.0, 0.01], [123290000.0, 0.21811257], [123280000.0, 0.01392115], [123260000.0, 0.0077], [123230000.0, 0.22110952], [123220000.0, 0.02151494], [123090000.0, 0.02], [123070000.0, 0.28362036]]},
{"timestamp": 1743933219665, "bids": [[122940000.0, 0.0113], [122930000.0, 0.12067979], [122920000.0, 0.0091433], [122910000.0, 0.00862197], [122900000.0, 0.18363559], [122880000.0, 0.16198496], [122870000.0, 0.01406916], [122860000.0, 0.19966058], [122850000.0, 0.28527865], [122840000.0, 0.02]], "asks": [[123340000.0, 0.00162153], [123310000.0, 0.00040629], [123300000.0, 0.01], [123290000.0, 0.21811257], [123280000.0, 0.01392115], [123260000.0, 0.0077], [123230000.0, 0.22110952], [123220000.0, 0.02151494], [123090000.0, 0.02], [123070000.0, 0.28362036]]},
{"timestamp": 1743933224279, "bids": [[122940000.0, 0.0113], [122930000.0, 0.12067979], [122920000.0, 0.0091433], [122910000.0, 0.00862197], [122900000.0, 0.18363559], [122880000.0, 0.16198496], [122870000.0, 0.01406916], [122860000.0, 0.19966058], [122850000.0, 0.28527865], [122840000.0, 0.02]], "asks": [[123340000.0, 0.00162153], [123310000.0, 0.00040629], [123300000.0, 0.01], [123290000.0, 0.21811257], [123280000.0, 0.01392115], [123260000.0, 0.0077], [123230000.0, 0.22110952], [123220000.0, 0.02129381], [123090000.0, 0.02], [123070000.0, 0.28362036]]},
{"timestamp": 1743933224681, "bids": [[122940000.0, 0.0113], [122930000.0, 0.12067979], [122920000.0, 0.0091433], [122910000.0, 0.00862197], [122900000.0, 0.18363559], [122880000.0, 0.16198496], [122870000.0, 0.01406916], [122860000.0, 0.19966058], [122850000.0, 0.28527865], [122840000.0, 0.02]], "asks": [[123340000.0, 0.00162153], [123310000.0, 0.00040629], [123300000.0, 0.01], [123290000.0, 0.21811257], [123280000.0, 0.01392115], [123260000.0, 0.0077], [123230000.0, 0.22110952], [123220000.0, 0.02129381], [123090000.0, 0.02], [123070000.0, 0.28362036]]},
{"timestamp": 1743933226882, "bids": [[122940000.0, 0.0113], [122930000.0, 0.12067979], [122920000.0, 0.0091433], [122910000.0, 0.00862197], [122900000.0, 0.18363559], [122880000.0, 0.16198496], [122870000.0, 0.01406916], [122860000.0, 0.19966058], [122850000.0, 0.28527865], [122840000.0, 0.02]], "asks": [[123340000.0, 0.00162153], [123310000.0, 0.00040629], [123300000.0, 0.01], [123290000.0, 0.21811257], [123280000.0, 0.01392115], [123260000.0, 0.0077], [123230000.0, 0.22110952], [123220000.0, 0.02111568], [123090000.0, 0.02], [123070000.0, 0.28362036]]},
{"timestamp": 1743933227731, "bids": [[122940000.0, 0.0113], [122930000.0, 0.12067979], [122920000.0, 0.0091433], [122910000.0, 0.00862197], [122900000.0, 0.18363559], [122880000.0, 0.12588496], [122870000.0, 0.01406916], [122860000.0, 0.19966058], [122850000.0, 0.28527865], [122840000.0, 0.02]], "asks": [[123340000.0, 0.00162153], [123310000.0, 0.00040629], [123300000.0, 0.01], [123290000.0, 0.21811257], [123280000.0, 0.01392115], [123260000.0, 0.0077], [123230000.0, 0.22110952], [123220000.0, 0.02111568], [123090000.0, 0.02], [123070000.0, 0.28362036]]},
{"timestamp": 1743933228767, "bids": [[122940000.0, 0.0113], [122930000.0, 0.12067979], [122920000.0, 0.0091433], [122910000.0, 0.00862197], [122900000.0, 0.21973559], [122880000.0, 0.12588496], [122870000.0, 0.01406916], [122860000.0, 0.19966058], [122850000.0, 0.28527865], [122840000.0, 0.02]], "asks": [[123340000.0, 0.00162153], [123310000.0, 0.00040629], [123300000.0, 0.01], [123290000.0, 0.21811257], [123280000.0, 0.01392115], [123260000.0, 0.0077], [123230000.0, 0.22110952], [123220000.0, 0.02111568], [123090000.0, 0.02], [123070000.0, 0.28362036]]},
{"timestamp": 1743933229368, "bids": [[122940000.0, 0.0113], [122930000.0, 0.12067979], [122920000.0, 0.0091433], [122910000.0, 0.00862197], [122900000.0, 0.21973559], [122880000.0, 0.12588496], [122870000.0, 0.01406916], [122860000.0, 0.19966058], [122850000.0, 0.28527865], [122840000.0, 0.02]], "asks": [[123340000.0, 0.00162153], [123310000.0, 0.00040629], [123300000.0, 0.01], [123290000.0, 0.21811257], [123280000.0, 0.01392115], [123260000.0, 0.0077], [123230000.0, 0.22110952], [123220000.0, 0.02111568], [123090000.0, 0.02], [123070000.0, 0.28362036]]},
{"timestamp": 1743933229663, "bids": [[122940000.0, 0.0113], [122930000.0, 0.12067979], [122920000.0, 0.0091433], [122910000.0, 0.00862197], [122900000.0, 0.21973559], [122880000.0, 0.12588496], [122870000.0, 0.01406916], [122860000.0, 0.19966058], [122850000.0, 0.28527865], [122840000.0, 0.02]], "asks": [[123340000.0, 0.00162153], [123310000.0, 0.00040629], [123300000.0, 0.01], [123290000.0, 0.21811257], [123280000.0, 0.01392115], [123260000.0, 0.0077], [123230000.0, 0.22110952], [123220000.0, 0.02111568], [123090000.0, 0.02], [123070000.0, 0.28362036]]},
{"timestamp": 1743933229846, "bids": [[122940000.0, 0.0113], [122930000.0, 0.12067979], [122920000.0, 0.0091433], [122910000.0, 0.00862197], [122900000.0, 0.21973559], [122880000.0, 0.12588496], [122870000.0, 0.01406916], [122860000.0, 0.19966058], [122850000.0, 0.28527865], [122840000.0, 0.02]], "asks": [[123340000.0, 0.00162153], [123310000.0, 0.00040629], [123300000.0, 0.01], [123290000.0, 0.21811257], [123280000.0, 0.01392115], [123260000.0, 0.0077], [123230000.0, 0.22110952], [123220000.0, 0.02111568], [123090000.0, 0.02], [123070000.0, 0.28362036]]},
{"timestamp": 1743933230199, "bids": [[122940000.0, 0.0113], [122930000.0, 0.12067979], [122920000.0, 0.0091433], [122910000.0, 0.00862197], [122900000.0, 0.21973559], [122880000.0, 0.12588496], [122870000.0, 0.01406916], [122860000.0, 0.19966058], [122850000.0, 0.28527865], [122840000.0, 0.02]], "asks": [[123340000.0, 0.00162153], [123310000.0, 0.00040629], [123300000.0, 0.01], [123290000.0, 0.21811257], [123280000.0, 0.01392115], [123260000.0, 0.0077], [123230000.0, 0.22110952], [123220000.0, 0.02064107], [123090000.0, 0.02], [123070000.0, 0.28362036]]},
{"timestamp": 1743933230799, "bids": [[122950000.0, 0.005], [122940000.0, 0.006], [122930000.0, 0.12067979], [122920000.0, 0.0091433], [122910000.0, 0.00862197], [122900000.0, 0.21973559], [122880000.0, 0.12588496], [122870000.0, 0.01406916], [122860000.0, 0.19966058], [122850000.0, 0.28527865]], "asks": [[123340000.0, 0.00162153], [123310000.0, 0.00040629], [123300000.0, 0.01], [123290000.0, 0.21811257], [123280000.0, 0.01392115], [123260000.0, 0.0077], [123230000.0, 0.22110952], [123220000.0, 0.02064107], [123090000.0, 0.02], [123070000.0, 0.28362036]]},
{"timestamp": 1743933230957, "bids": [[122940000.0, 0.011], [122930000.0, 0.12067979], [122920000.0, 0.0091433], [122910000.0, 0.00862197], [122900000.0, 0.21973559], [122880000.0, 0.12588496], [122870000.0, 0.01406916], [122860000.0, 0.19966058], [122850000.0, 0.28527865], [122840000.0, 0.02]], "asks": [[123340000.0, 0.00162153], [123310000.0, 0.00040629], [123300000.0, 0.01], [123290000.0, 0.21811257], [123280000.0, 0.01392115], [123260000.0, 0.0077], [123230000.0, 0.22110952], [123220000.0, 0.02064107], [123090000.0, 0.02], [123070000.0, 0.28362036]]},
{"timestamp": 1743933232489, "bids": [[122950000.0, 0.005], [122940000.0, 0.006], [122930000.0, 0.12067979], [122920000.0, 0.0091433], [122910000.0, 0.00862197], [122900000.0, 0.21973559], [122880000.0, 0.12588496], [122870000.0, 0.01406916], [122860000.0, 0.19966058], [122850000.0, 0.28527865]], "asks": [[123340000.0, 0.00162153], [123310000.0, 0.00040629], [123300000.0, 0.01], [123290000.0, 0.21811257], [123280000.0, 0.01392115], [123260000.0, 0.0077], [123230000.0, 0.22110952], [123220000.0, 0.02064107], [123090000.0, 0.02], [123070000.0, 0.28362036]]},
{"timestamp": 1743933234367, "bids": [[122950000.0, 0.005], [122940000.0, 0.006], [122930000.0, 0.12067979], [122920000.0, 0.0091433], [122910000.0, 0.00862197], [122900000.0, 0.21973559], [122880000.0, 0.12588496], [122870000.0, 0.01406916], [122860000.0, 0.19966058], [122850000.0, 0.28527865]], "asks": [[123340000.0, 0.00162153], [123310000.0, 0.00040629], [123300000.0, 0.01], [123290000.0, 0.21811257], [123280000.0, 0.01392115], [123260000.0, 0.0077], [123230000.0, 0.22110952], [123220000.0, 0.02064107], [123090000.0, 0.02], [123070000.0, 0.28362036]]},
{"timestamp": 1743933234665, "bids": [[122950000.0, 0.005], [122940000.0, 0.006], [122930000.0, 0.12067979], [122920000.0, 0.0091433], [122910000.0, 0.00862197], [122900000.0, 0.21973559], [122880000.0, 0.12588496], [122870000.0, 0.01406916], [122860000.0, 0.19966058], [122850000.0, 0.28527865]], "asks": [[123340000.0, 0.00162153], [123310000.0, 0.00040629], [123300000.0, 0.01], [123290000.0, 0.21811257], [123280000.0, 0.01392115], [123260000.0, 0.0077], [123230000.0, 0.22110952], [123220000.0, 0.02064107], [123090000.0, 0.02], [123070000.0, 0.28362036]]},
{"timestamp": 1743933236270, "bids": [[122950000.0, 0.005], [122940000.0, 0.006], [122930000.0, 0.12067979], [122920000.0, 0.0091433], [122910000.0, 0.00862197], [122900000.0, 0.21973559], [122880000.0, 0.12588496], [122870000.0, 0.01406916], [122860000.0, 0.19966058], [122850000.0, 0.28527865]], "asks": [[123340000.0, 0.00162153], [123310000.0, 0.00040629], [123300000.0, 0.01], [123290000.0, 0.21811257], [123280000.0, 0.01392115], [123260000.0, 0.0077], [123230000.0, 0.22110952], [123220000.0, 0.0199276], [123090000.0, 0.02], [123070000.0, 0.28362036]]},
{"timestamp": 1743933238339, "bids": [[122940000.0, 0.011], [122930000.0, 0.12067979], [122920000.0, 0.0091433], [122910000.0, 0.00862197], [122900000.0, 0.21973559], [122880000.0, 0.12588496], [122870000.0, 0.01406916], [122860000.0, 0.19966058], [122850000.0, 0.28527865], [122840000.0, 0.02]], "asks": [[123340000.0, 0.00162153], [123310000.0, 0.00040629], [123300000.0, 0.01], [123290000.0, 0.21811257], [123280000.0, 0.01392115], [123260000.0, 0.0077], [123230000.0, 0.22110952], [123220000.0, 0.0199276], [123090000.0, 0.02], [123070000.0, 0.28362036]]},
{"timestamp": 1743933238711, "bids": [[122930000.0, 0.12067979], [122920000.0, 0.0091433], [122910000.0, 0.00862197], [122900000.0, 0.21973559], [122880000.0, 0.12588496], [122870000.0, 0.01406916], [122860000.0, 0.19966058], [122850000.0, 0.28527865], [122840000.0, 0.02], [122800000.0, 0.00240304]], "asks": [[123340000.0, 0.00162153], [123310000.0, 0.00040629], [123300000.0, 0.01], [123290000.0, 0.21811257], [123280000.0, 0.01392115], [123260000.0, 0.0077], [123230000.0, 0.22110952], [123220000.0, 0.0199276], [123090000.0, 0.02], [123070000.0, 0.28362036]]},
{"timestamp": 1743933239362, "bids": [[122930000.0, 0.12067979], [122920000.0, 0.0091433], [122910000.0, 0.00862197], [122900000.0, 0.21973559], [122880000.0, 0.12588496], [122870000.0, 0.01406916], [122860000.0, 0.19966058], [122850000.0, 0.28527865], [122840000.0, 0.02], [122800000.0, 0.00240304]], "asks": [[123340000.0, 0.00162153], [123310000.0, 0.00040629], [123300000.0, 0.01], [123290000.0, 0.21811257], [123280000.0, 0.01392115], [123260000.0, 0.0077], [123230000.0, 0.22110952], [123220000.0, 0.0199276], [123090000.0, 0.02], [123070000.0, 0.28362036]]},
{"timestamp": 1743933239658, "bids": [[122940000.0, 0.03], [122930000.0, 0.12067979], [122920000.0, 0.0091433], [122910000.0, 0.00862197], [122900000.0, 0.21973559], [122880000.0, 0.12588496], [122870000.0, 0.01406916], [122860000.0, 0.19966058], [122850000.0, 0.28527865], [122840000.0, 0.02]], "asks": [[123340000.0, 0.00162153], [123310000.0, 0.00040629], [123300000.0, 0.01], [123290000.0, 0.21811257], [123280000.0, 0.01392115], [123260000.0, 0.0077], [123230000.0, 0.22110952], [123220000.0, 0.0199276], [123090000.0, 0.02], [123070000.0, 0.28362036]]},
{"timestamp": 1743933240580, "bids": [[122940000.0, 0.03], [122930000.0, 0.12067979], [122920000.0, 0.0091433], [122910000.0, 0.00862197], [122900000.0, 0.21973559], [122880000.0, 0.12588496], [122870000.0, 0.01406916], [122860000.0, 0.19966058], [122850000.0, 0.28527865], [122840000.0, 0.02]], "asks": [[123340000.0, 0.00162153], [123310000.0, 0.00040629], [123300000.0, 0.01], [123290000.0, 0.21811257], [123280000.0, 0.01392115], [123260000.0, 0.0077], [123230000.0, 0.22110952], [123220000.0, 0.01904342], [123090000.0, 0.02], [123070000.0, 0.28362036]]},
{"timestamp": 1743933241882, "bids": [[122940000.0, 0.03], [122930000.0, 0.12067979], [122920000.0, 0.0091433], [122910000.0, 0.00862197], [122900000.0, 0.21973559], [122880000.0, 0.12588496], [122870000.0, 0.01406916], [122860000.0, 0.19966058], [122850000.0, 0.28527865], [122840000.0, 0.02]], "asks": [[123340000.0, 0.00162153], [123310000.0, 0.00040629], [123300000.0, 0.01], [123290000.0, 0.21811257], [123280000.0, 0.01392115], [123260000.0, 0.0077], [123230000.0, 0.22110952], [123220000.0, 0.00725444], [123090000.0, 0.02], [123070000.0, 0.28362036]]},
{"timestamp": 1743933244367, "bids": [[122940000.0, 0.03], [122930000.0, 0.12067979], [122920000.0, 0.0091433], [122910000.0, 0.00862197], [122900000.0, 0.21973559], [122880000.0, 0.12588496], [122870000.0, 0.01406916], [122860000.0, 0.19966058], [122850000.0, 0.28527865], [122840000.0, 0.02]], "asks": [[123340000.0, 0.00162153], [123310000.0, 0.00040629], [123300000.0, 0.01], [123290000.0, 0.21811257], [123280000.0, 0.01392115], [123260000.0, 0.0077], [123230000.0, 0.22110952], [123220000.0, 0.00725444], [123090000.0, 0.02], [123070000.0, 0.28362036]]},
{"timestamp": 1743933244561, "bids": [[122940000.0, 0.03], [122930000.0, 0.12067979], [122920000.0, 0.0091433], [122910000.0, 0.00862197], [122900000.0, 0.21973559], [122880000.0, 0.12588496], [122870000.0, 0.01406916], [122860000.0, 0.19966058], [122850000.0, 0.28527865], [122840000.0, 0.02]], "asks": [[123340000.0, 0.00162153], [123310000.0, 0.00040629], [123300000.0, 0.01], [123290000.0, 0.21811257], [123280000.0, 0.01392115], [123260000.0, 0.0077], [123230000.0, 0.22110952], [123220000.0, 0.02450201], [123090000.0, 0.02], [123070000.0, 0.28362036]]},
{"timestamp": 1743933244666, "bids": [[122940000.0, 0.03], [122930000.0, 0.12067979], [122920000.0, 0.0091433], [122910000.0, 0.00862197], [122900000.0, 0.21973559], [122880000.0, 0.12588496], [122870000.0, 0.01406916], [122860000.0, 0.19966058], [122850000.0, 0.28527865], [122840000.0, 0.02]], "asks": [[123340000.0, 0.00162153], [123310000.0, 0.00040629], [123300000.0, 0.01], [123290000.0, 0.21811257], [123280000.0, 0.01392115], [123260000.0, 0.0077], [123230000.0, 0.22110952], [123220000.0, 0.02450201], [123090000.0, 0.02], [123070000.0, 0.28362036]]},
{"timestamp": 1743933246077, "bids": [[122940000.0, 0.03], [122930000.0, 0.12067979], [122920000.0, 0.0091433], [122910000.0, 0.00862197], [122900000.0, 0.21973559], [122880000.0, 0.12588496], [122870000.0, 0.01406916], [122860000.0, 0.19966058], [122850000.0, 0.28527865], [122840000.0, 0.02]], "asks": [[123340000.0, 0.00162153], [123310000.0, 0.00040629], [123300000.0, 0.01], [123290000.0, 0.21811257], [123280000.0, 0.01392115], [123260000.0, 0.0077], [123230000.0, 0.22110952], [123220000.0, 0.02450201], [123090000.0, 0.02], [123070000.0, 0.28362036]]},
{"timestamp": 1743933246379, "bids": [[122940000.0, 0.03], [122930000.0, 0.12067979], [122920000.0, 0.0091433], [122910000.0, 0.00862197], [122900000.0, 0.18363559], [122880000.0, 0.12588496], [122870000.0, 0.01406916], [122860000.0, 0.19966058], [122850000.0, 0.28527865], [122840000.0, 0.02]], "asks": [[123340000.0, 0.00162153], [123310000.0, 0.00040629], [123300000.0, 0.01], [123290000.0, 0.21811257], [123280000.0, 0.01392115], [123260000.0, 0.0077], [123230000.0, 0.22110952], [123220000.0, 0.02450201], [123090000.0, 0.02], [123070000.0, 0.28362036]]},
{"timestamp": 1743933247302, "bids": [[122940000.0, 0.03], [122930000.0, 0.12067979], [122920000.0, 0.0091433], [122910000.0, 0.00862197], [122900000.0, 0.18363559], [122890000.0, 0.0362], [122880000.0, 0.12588496], [122870000.0, 0.01406916], [122860000.0, 0.19966058], [122850000.0, 0.28527865]], "asks": [[123340000.0, 0.00162153], [123310000.0, 0.00040629], [123300000.0, 0.01], [123290000.0, 0.21811257], [123280000.0, 0.01392115], [123260000.0, 0.0077], [123230000.0, 0.22110952], [123220000.0, 0.02450201], [123090000.0, 0.02], [123070000.0, 0.28362036]]},
{"timestamp": 1743933248396, "bids": [[122940000.0, 0.03], [122930000.0, 0.12067979], [122920000.0, 0.0091433], [122910000.0, 0.00862197], [122900000.0, 0.18363559], [122890000.0, 0.0362], [122880000.0, 0.12588496], [122870000.0, 0.01406916], [122860000.0, 0.19966058], [122850000.0, 0.28527865]], "asks": [[123340000.0, 0.00162153], [123310000.0, 0.00040629], [123300000.0, 0.01], [123290000.0, 0.21811257], [123280000.0, 0.01392115], [123260000.0, 0.0077], [123230000.0, 0.22110952], [123220000.0, 0.02450201], [123090000.0, 0.02], [123070000.0, 0.28362036]]},
{"timestamp": 1743933248542, "bids": [[122940000.0, 0.03], [122930000.0, 0.12067979], [122920000.0, 0.0091433], [122910000.0, 0.00862197], [122900000.0, 0.18363559], [122890000.0, 0.0362], [122880000.0, 0.12588496], [122870000.0, 0.01406916], [122860000.0, 0.19966058], [122850000.0, 0.28527865]], "asks": [[123340000.0, 0.00162153], [123310000.0, 0.00040629], [123300000.0, 0.01], [123290000.0, 0.21811257], [123280000.0, 0.01392115], [123260000.0, 0.0077], [123230000.0, 0.22110952], [123220000.0, 0.02509276], [123090000.0, 0.02], [123070000.0, 0.28362036]]},
{"timestamp": 1743933249372, "bids": [[122940000.0, 0.03], [122930000.0, 0.12067979], [122920000.0, 0.0091433], [122910000.0, 0.00862197], [122900000.0, 0.18363559], [122890000.0, 0.0362], [122880000.0, 0.12588496], [122870000.0, 0.01406916], [122860000.0, 0.19966058], [122850000.0, 0.28527865]], "asks": [[123340000.0, 0.00162153], [123310000.0, 0.00040629], [123300000.0, 0.01], [123290000.0, 0.21811257], [123280000.0, 0.01392115], [123260000.0, 0.0077], [123230000.0, 0.22110952], [123220000.0, 0.02509276], [123090000.0, 0.02], [123070000.0, 0.28362036]]},
{"timestamp": 1743933249676, "bids": [[122940000.0, 0.03], [122930000.0, 0.12067979], [122920000.0, 0.0091433], [122910000.0, 0.00862197], [122900000.0, 0.18363559], [122880000.0, 0.12588496], [122870000.0, 0.01406916], [122860000.0, 0.19966058], [122850000.0, 0.28527865], [122840000.0, 0.02]], "asks": [[123340000.0, 0.00162153], [123310000.0, 0.00040629], [123300000.0, 0.01], [123290000.0, 0.21811257], [123280000.0, 0.01392115], [123260000.0, 0.0077], [123230000.0, 0.22110952], [123220000.0, 0.02509276], [123090000.0, 0.02], [123070000.0, 0.28362036]]},
{"timestamp": 1743933250666, "bids": [[122940000.0, 0.03], [122930000.0, 0.12067979], [122920000.0, 0.0091433], [122910000.0, 0.00862197], [122900000.0, 0.18363559], [122880000.0, 0.16208496], [122870000.0, 0.01406916], [122860000.0, 0.19966058], [122850000.0, 0.28527865], [122840000.0, 0.02]], "asks": [[123340000.0, 0.00162153], [123310000.0, 0.00040629], [123300000.0, 0.01], [123290000.0, 0.21811257], [123280000.0, 0.01392115], [123260000.0, 0.0077], [123230000.0, 0.22110952], [123220000.0, 0.02509276], [123090000.0, 0.02], [123070000.0, 0.28362036]]},
{"timestamp": 1743933251943, "bids": [[122940000.0, 0.03], [122930000.0, 0.12067979], [122920000.0, 0.0091433], [122910000.0, 0.00862197], [122900000.0, 0.18363559], [122880000.0, 0.16208496], [122870000.0, 0.01406916], [122860000.0, 0.19966058], [122850000.0, 0.28527865], [122840000.0, 0.02]], "asks": [[123340000.0, 0.00162153], [123310000.0, 0.00040629], [123300000.0, 0.01], [123290000.0, 0.21811257], [123280000.0, 0.01392115], [123260000.0, 0.0077], [123230000.0, 0.22110952], [123220000.0, 0.02509276], [123090000.0, 0.02], [123070000.0, 0.28362036]]},
{"timestamp": 1743933253065, "bids": [[122940000.0, 0.03], [122930000.0, 0.12067979], [122920000.0, 0.0091433], [122910000.0, 0.00862197], [122900000.0, 0.18363559], [122880000.0, 0.12588496], [122870000.0, 0.01406916], [122860000.0, 0.19966058], [122850000.0, 0.28527865], [122840000.0, 0.02]], "asks": [[123340000.0, 0.00162153], [123310000.0, 0.00040629], [123300000.0, 0.01], [123290000.0, 0.21811257], [123280000.0, 0.01392115], [123260000.0, 0.0077], [123230000.0, 0.22110952], [123220000.0, 0.02509276], [123090000.0, 0.02], [123070000.0, 0.28362036]]},
{"timestamp": 1743933254073, "bids": [[122940000.0, 0.03], [122930000.0, 0.12067979], [122920000.0, 0.0091433], [122910000.0, 0.00862197], [122900000.0, 0.18363559], [122880000.0, 0.12588496], [122870000.0, 0.05026916], [122860000.0, 0.19966058], [122850000.0, 0.28527865], [122840000.0, 0.02]], "asks": [[123340000.0, 0.00162153], [123310000.0, 0.00040629], [123300000.0, 0.01], [123290000.0, 0.21811257], [123280000.0, 0.01392115], [123260000.0, 0.0077], [123230000.0, 0.22110952], [123220000.0, 0.02509276], [123090000.0, 0.02], [123070000.0, 0.28362036]]},
{"timestamp": 1743933254369, "bids": [[122940000.0, 0.03], [122930000.0, 0.12067979], [122920000.0, 0.0091433], [122910000.0, 0.00862197], [122900000.0, 0.18363559], [122880000.0, 0.12588496], [122870000.0, 0.05026916], [122860000.0, 0.19966058], [122850000.0, 0.28527865], [122840000.0, 0.02]], "asks": [[123340000.0, 0.00162153], [123310000.0, 0.00040629], [123300000.0, 0.01], [123290000.0, 0.21811257], [123280000.0, 0.01392115], [123260000.0, 0.0077], [123230000.0, 0.22110952], [123220000.0, 0.02509276], [123090000.0, 0.02], [123070000.0, 0.28362036]]},
{"timestamp": 1743933254666, "bids": [[122940000.0, 0.03], [122930000.0, 0.12067979], [122920000.0, 0.0091433], [122910000.0, 0.00862197], [122900000.0, 0.18363559], [122880000.0, 0.12588496], [122870000.0, 0.05026916], [122860000.0, 0.19966058], [122850000.0, 0.28527865], [122840000.0, 0.02]], "asks": [[123340000.0, 0.00162153], [123310000.0, 0.00040629], [123300000.0, 0.01], [123290000.0, 0.21811257], [123280000.0, 0.01392115], [123260000.0, 0.0077], [123230000.0, 0.22110952], [123220000.0, 0.02509276], [123090000.0, 0.02], [123070000.0, 0.28362036]]},
{"timestamp": 1743933255576, "bids": [[122940000.0, 0.03], [122930000.0, 0.12067979], [122920000.0, 0.0091433], [122910000.0, 0.00862197], [122900000.0, 0.18363559], [122880000.0, 0.12588496], [122870000.0, 0.05026916], [122860000.0, 0.19966058], [122850000.0, 0.28527865], [122840000.0, 0.02]], "asks": [[123340000.0, 0.00162153], [123310000.0, 0.00040629], [123300000.0, 0.01], [123290000.0, 0.21811257], [123280000.0, 0.01392115], [123260000.0, 0.0077], [123230000.0, 0.22110952], [123220000.0, 0.02509276], [123090000.0, 0.02], [123070000.0, 0.28362036]]},
{"timestamp": 1743933255697, "bids": [[122940000.0, 0.03], [122930000.0, 0.12067979], [122920000.0, 0.0091433], [122910000.0, 0.00862197], [122900000.0, 0.18363559], [122880000.0, 0.12588496], [122870000.0, 0.05026916], [122860000.0, 0.19966058], [122850000.0, 0.28527865], [122840000.0, 0.02]], "asks": [[123340000.0, 0.00162153], [123310000.0, 0.00040629], [123300000.0, 0.01], [123290000.0, 0.21811257], [123280000.0, 0.01392115], [123260000.0, 0.0077], [123230000.0, 0.22110952], [123220000.0, 0.02458508], [123090000.0, 0.02], [123070000.0, 0.28362036]]},
{"timestamp": 1743933259357, "bids": [[122940000.0, 0.03], [122930000.0, 0.12067979], [122920000.0, 0.0091433], [122910000.0, 0.00862197], [122900000.0, 0.18363559], [122880000.0, 0.12588496], [122870000.0, 0.05026916], [122860000.0, 0.19966058], [122850000.0, 0.28527865], [122840000.0, 0.02]], "asks": [[123340000.0, 0.00162153], [123310000.0, 0.00040629], [123300000.0, 0.01], [123290000.0, 0.21811257], [123280000.0, 0.01392115], [123260000.0, 0.0077], [123230000.0, 0.22110952], [123220000.0, 0.02359252], [123090000.0, 0.02], [123070000.0, 0.28362036]]},
{"timestamp": 1743933259676, "bids": [[122940000.0, 0.03], [122930000.0, 0.12067979], [122920000.0, 0.0091433], [122910000.0, 0.00862197], [122900000.0, 0.18363559], [122880000.0, 0.12588496], [122870000.0, 0.05026916], [122860000.0, 0.19966058], [122850000.0, 0.28527865], [122840000.0, 0.02]], "asks": [[123340000.0, 0.00162153], [123310000.0, 0.00040629], [123300000.0, 0.01], [123290000.0, 0.21811257], [123280000.0, 0.01392115], [123260000.0, 0.0077], [123230000.0, 0.22110952], [123220000.0, 0.02359252], [123090000.0, 0.02], [123070000.0, 0.28362036]]},
{"timestamp": 1743933260499, "bids": [[122940000.0, 0.03], [122930000.0, 0.12067979], [122920000.0, 0.0091433], [122910000.0, 0.00862197], [122900000.0, 0.18363559], [122880000.0, 0.12588496], [122870000.0, 0.05026916], [122860000.0, 0.19966058], [122850000.0, 0.28527865], [122840000.0, 0.0200814]], "asks": [[123340000.0, 0.00162153], [123310000.0, 0.00040629], [123300000.0, 0.01], [123290000.0, 0.21811257], [123280000.0, 0.01392115], [123260000.0, 0.0077], [123230000.0, 0.22110952], [123220000.0, 0.02359252], [123090000.0, 0.02], [123070000.0, 0.28362036]]},
{"timestamp": 1743933263039, "bids": [[122940000.0, 0.03], [122930000.0, 0.12067979], [122920000.0, 0.0091433], [122910000.0, 0.00862197], [122900000.0, 0.18363559], [122880000.0, 0.12588496], [122870000.0, 0.05026916], [122860000.0, 0.19966058], [122850000.0, 0.28527865], [122840000.0, 0.0200814]], "asks": [[123340000.0, 0.00162153], [123310000.0, 0.00040629], [123300000.0, 0.01], [123290000.0, 0.21811257], [123280000.0, 0.01392115], [123260000.0, 0.0077], [123230000.0, 0.22110952], [123220000.0, 0.01703878], [123090000.0, 0.02], [123070000.0, 0.28362036]]},
{"timestamp": 1743933263521, "bids": [[122940000.0, 0.03], [122930000.0, 0.12067979], [122920000.0, 0.0091433], [122910000.0, 0.00862197], [122900000.0, 0.18363559], [122880000.0, 0.12588496], [122870000.0, 0.05026916], [122860000.0, 0.19966058], [122850000.0, 0.28536005], [122840000.0, 0.0200814]], "asks": [[123340000.0, 0.00162153], [123310000.0, 0.00040629], [123300000.0, 0.01], [123290000.0, 0.21811257], [123280000.0, 0.01392115], [123260000.0, 0.0077], [123230000.0, 0.22110952], [123220000.0, 0.01703878], [123090000.0, 0.02], [123070000.0, 0.28362036]]},
{"timestamp": 1743933264369, "bids": [[122940000.0, 0.03], [122930000.0, 0.12067979], [122920000.0, 0.0091433], [122910000.0, 0.00862197], [122900000.0, 0.18363559], [122880000.0, 0.12588496], [122870000.0, 0.05026916], [122860000.0, 0.19966058], [122850000.0, 0.28536005], [122840000.0, 0.0200814]], "asks": [[123340000.0, 0.00162153], [123310000.0, 0.00040629], [123300000.0, 0.01], [123290000.0, 0.21811257], [123280000.0, 0.01392115], [123260000.0, 0.0077], [123230000.0, 0.22110952], [123220000.0, 0.01703878], [123090000.0, 0.02], [123070000.0, 0.28362036]]},
{"timestamp": 1743933264673, "bids": [[122940000.0, 0.03], [122930000.0, 0.12067979], [122920000.0, 0.0091433], [122910000.0, 0.00862197], [122900000.0, 0.18363559], [122880000.0, 0.12588496], [122870000.0, 0.05026916], [122860000.0, 0.19966058], [122850000.0, 0.28536005], [122840000.0, 0.0200814]], "asks": [[123340000.0, 0.00162153], [123310000.0, 0.00040629], [123300000.0, 0.01], [123290000.0, 0.21811257], [123280000.0, 0.01392115], [123260000.0, 0.0077], [123230000.0, 0.22110952], [123220000.0, 0.01703878], [123090000.0, 0.02], [123070000.0, 0.28362036]]},
{"timestamp": 1743933264975, "bids": [[122940000.0, 0.03], [122930000.0, 0.12067979], [122920000.0, 0.0091433], [122910000.0, 0.00862197], [122900000.0, 0.18363559], [122880000.0, 0.12588496], [122870000.0, 0.05026916], [122860000.0, 0.19966058], [122850000.0, 0.28536005], [122840000.0, 0.0200814]], "asks": [[123340000.0, 0.00162153], [123310000.0, 0.00040629], [123300000.0, 0.01], [123290000.0, 0.21811257], [123280000.0, 0.01392115], [123260000.0, 0.0077], [123230000.0, 0.22110952], [123220000.0, 0.01703878], [123090000.0, 0.02], [123070000.0, 0.28362036]]},
{"timestamp": 1743933266304, "bids": [[122940000.0, 0.03], [122930000.0, 0.12067979], [122920000.0, 0.0091433], [122910000.0, 0.00862197], [122900000.0, 0.18363559], [122880000.0, 0.12588496], [122870000.0, 0.05026916], [122860000.0, 0.19974197], [122850000.0, 0.28536005], [122840000.0, 0.0200814]], "asks": [[123340000.0, 0.00162153], [123310000.0, 0.00040629], [123300000.0, 0.01], [123290000.0, 0.21811257], [123280000.0, 0.01392115], [123260000.0, 0.0077], [123230000.0, 0.22110952], [123220000.0, 0.01703878], [123090000.0, 0.02], [123070000.0, 0.28362036]]},
{"timestamp": 1743933267790, "bids": [[122940000.0, 0.03], [122930000.0, 0.12067979], [122920000.0, 0.0091433], [122910000.0, 0.00862197], [122900000.0, 0.18363559], [122880000.0, 0.12588496], [122870000.0, 0.05026916], [122860000.0, 0.19974197], [122850000.0, 0.28536005], [122840000.0, 0.0200814]], "asks": [[123340000.0, 0.00162153], [123310000.0, 0.00040629], [123300000.0, 0.01], [123290000.0, 0.21811257], [123280000.0, 0.01392115], [123260000.0, 0.0077], [123230000.0, 0.22110952], [123220000.0, 0.01723806], [123090000.0, 0.02], [123070000.0, 0.28362036]]},
{"timestamp": 1743933268887, "bids": [[122940000.0, 0.03], [122930000.0, 0.12067979], [122920000.0, 0.0091433], [122910000.0, 0.00862197], [122900000.0, 0.18363559], [122880000.0, 0.12588496], [122870000.0, 0.05026916], [122860000.0, 0.19974197], [122850000.0, 0.0008954], [122840000.0, 0.0200814]], "asks": [[123340000.0, 0.00162153], [123310000.0, 0.00040629], [123300000.0, 0.01], [123290000.0, 0.21811257], [123280000.0, 0.01392115], [123260000.0, 0.0077], [123230000.0, 0.22110952], [123220000.0, 0.01723806], [123090000.0, 0.02], [123070000.0, 0.28362036]]},
{"timestamp": 1743933269011, "bids": [[122940000.0, 0.03], [122930000.0, 0.12067979], [122920000.0, 0.0091433], [122910000.0, 0.00862197], [122900000.0, 0.18363559], [122880000.0, 0.12588496], [122870000.0, 0.05026916], [122860000.0, 0.39093335], [122850000.0, 0.0008954], [122840000.0, 0.0200814]], "asks": [[123340000.0, 0.00162153], [123310000.0, 0.00040629], [123300000.0, 0.01], [123290000.0, 0.21811257], [123280000.0, 0.01392115], [123260000.0, 0.0077], [123230000.0, 0.22110952], [123220000.0, 0.01723806], [123090000.0, 0.02], [123070000.0, 0.28362036]]},
{"timestamp": 1743933269195, "bids": [[122940000.0, 0.03], [122930000.0, 0.12067979], [122920000.0, 0.0091433], [122910000.0, 0.00862197], [122900000.0, 0.18363559], [122880000.0, 0.12588496], [122870000.0, 0.05035054], [122860000.0, 0.39093335], [122850000.0, 0.0008954], [122840000.0, 0.0200814]], "asks": [[123340000.0, 0.00162153], [123310000.0, 0.00040629], [123300000.0, 0.01], [123290000.0, 0.21811257], [123280000.0, 0.01392115], [123260000.0, 0.0077], [123230000.0, 0.22110952], [123220000.0, 0.01723806], [123090000.0, 0.02], [123070000.0, 0.28362036]]},
{"timestamp": 1743933269366, "bids": [[122940000.0, 0.03], [122930000.0, 0.12067979], [122920000.0, 0.0091433], [122910000.0, 0.00862197], [122900000.0, 0.18363559], [122880000.0, 0.12588496], [122870000.0, 0.05035054], [122860000.0, 0.39093335], [122850000.0, 0.0008954], [122840000.0, 0.0200814]], "asks": [[123340000.0, 0.00162153], [123310000.0, 0.00040629], [123300000.0, 0.01], [123290000.0, 0.21811257], [123280000.0, 0.01392115], [123260000.0, 0.0077], [123230000.0, 0.22110952], [123220000.0, 0.01723806], [123090000.0, 0.02], [123070000.0, 0.28362036]]},
{"timestamp": 1743933269662, "bids": [[122940000.0, 0.03], [122930000.0, 0.12067979], [122920000.0, 0.0091433], [122910000.0, 0.00862197], [122900000.0, 0.18363559], [122880000.0, 0.12588496], [122870000.0, 0.05035054], [122860000.0, 0.39093335], [122850000.0, 0.0008954], [122840000.0, 0.0200814]], "asks": [[123340000.0, 0.00162153], [123310000.0, 0.00040629], [123300000.0, 0.01], [123290000.0, 0.21811257], [123280000.0, 0.01392115], [123260000.0, 0.0077], [123230000.0, 0.22110952], [123220000.0, 0.01723806], [123090000.0, 0.02], [123070000.0, 0.28362036]]},
{"timestamp": 1743933272975, "bids": [[122940000.0, 0.03], [122930000.0, 0.12067979], [122920000.0, 0.0091433], [122910000.0, 0.00862197], [122900000.0, 0.18363559], [122880000.0, 0.12588496], [122870000.0, 0.05035054], [122860000.0, 0.39093335], [122850000.0, 0.0008954], [122840000.0, 0.0200814]], "asks": [[123340000.0, 0.00162153], [123310000.0, 0.00040629], [123300000.0, 0.01], [123290000.0, 0.21811257], [123280000.0, 0.01392115], [123260000.0, 0.0077], [123230000.0, 0.22110952], [123220000.0, 0.01761921], [123090000.0, 0.02], [123070000.0, 0.28362036]]},
{"timestamp": 1743933273144, "bids": [[122940000.0, 0.03], [122930000.0, 0.12067979], [122920000.0, 0.0091433], [122910000.0, 0.00862197], [122900000.0, 0.18363559], [122880000.0, 0.12588496], [122870000.0, 0.05035054], [122860000.0, 0.39093335], [122850000.0, 0.0008954], [122840000.0, 0.0200814]], "asks": [[123340000.0, 0.00162153], [123310000.0, 0.00040629], [123300000.0, 0.01], [123290000.0, 0.21811257], [123280000.0, 0.01392115], [123260000.0, 0.0077], [123230000.0, 0.22110952], [123220000.0, 0.00049817], [123090000.0, 0.02], [123070000.0, 0.28362036]]},
{"timestamp": 1743933274367, "bids": [[122940000.0, 0.03], [122930000.0, 0.12067979], [122920000.0, 0.0091433], [122910000.0, 0.00862197], [122900000.0, 0.18363559], [122880000.0, 0.12588496], [122870000.0, 0.05035054], [122860000.0, 0.39093335], [122850000.0, 0.0008954], [122840000.0, 0.0200814]], "asks": [[123340000.0, 0.00162153], [123310000.0, 0.00040629], [123300000.0, 0.01], [123290000.0, 0.21811257], [123280000.0, 0.01392115], [123260000.0, 0.0077], [123230000.0, 0.22110952], [123220000.0, 0.00049817], [123090000.0, 0.02], [123070000.0, 0.28362036]]},
{"timestamp": 1743933274670, "bids": [[122940000.0, 0.03], [122930000.0, 0.12067979], [122920000.0, 0.0091433], [122910000.0, 0.00862197], [122900000.0, 0.18363559], [122880000.0, 0.12588496], [122870000.0, 0.05035054], [122860000.0, 0.39093335], [122850000.0, 0.0008954], [122840000.0, 0.0200814]], "asks": [[123340000.0, 0.00162153], [123310000.0, 0.00040629], [123300000.0, 0.01], [123290000.0, 0.21811257], [123280000.0, 0.01392115], [123260000.0, 0.0077], [123230000.0, 0.22110952], [123220000.0, 0.00049817], [123090000.0, 0.02], [123070000.0, 0.28362036]]},
{"timestamp": 1743933276064, "bids": [[122940000.0, 0.03], [122930000.0, 0.12067979], [122920000.0, 0.0091433], [122910000.0, 0.00862197], [122900000.0, 0.18363559], [122880000.0, 0.12588496], [122870000.0, 0.05035054], [122860000.0, 0.39093335], [122850000.0, 0.0008954], [122840000.0, 0.0200814]], "asks": [[123340000.0, 0.00162153], [123310000.0, 0.00040629], [123300000.0, 0.01], [123290000.0, 0.21811257], [123280000.0, 0.01392115], [123260000.0, 0.0077], [123230000.0, 0.22110952], [123220000.0, 0.00039774], [123090000.0, 0.02], [123070000.0, 0.28362036]]},
{"timestamp": 1743933276242, "bids": [[122940000.0, 0.03], [122930000.0, 0.12067979], [122920000.0, 0.0091433], [122910000.0, 0.00862197], [122900000.0, 0.18363559], [122880000.0, 0.12588496], [122870000.0, 0.05035054], [122860000.0, 0.39093335], [122850000.0, 0.0008954], [122840000.0, 0.0200814]], "asks": [[123340000.0, 0.00162153], [123310000.0, 0.00040629], [123300000.0, 0.01], [123290000.0, 0.21811257], [123280000.0, 0.01392115], [123260000.0, 0.0077], [123230000.0, 0.22110952], [123220000.0, 0.01694599], [123090000.0, 0.02], [123070000.0, 0.28362036]]},
{"timestamp": 1743933276747, "bids": [[122940000.0, 0.03], [122930000.0, 0.12067979], [122920000.0, 0.0091433], [122910000.0, 0.00862197], [122900000.0, 0.18363559], [122880000.0, 0.12588496], [122870000.0, 0.05035054], [122860000.0, 0.39093335], [122850000.0, 0.0008954], [122840000.0, 0.0200814]], "asks": [[123340000.0, 0.00162153], [123310000.0, 0.00040629], [123300000.0, 0.01], [123290000.0, 0.21811257], [123280000.0, 0.01392115], [123260000.0, 0.0077], [123230000.0, 0.22110952], [123220000.0, 0.01654825], [123090000.0, 0.02], [123070000.0, 0.28362036]]},
{"timestamp": 1743933277278, "bids": [[122940000.0, 0.03], [122930000.0, 0.12067979], [122920000.0, 0.0091433], [122910000.0, 0.00862197], [122900000.0, 0.18363559], [122880000.0, 0.12596634], [122870000.0, 0.05035054], [122860000.0, 0.39093335], [122850000.0, 0.0008954], [122840000.0, 0.0200814]], "asks": [[123340000.0, 0.00162153], [123310000.0, 0.00040629], [123300000.0, 0.01], [123290000.0, 0.21811257], [123280000.0, 0.01392115], [123260000.0, 0.0077], [123230000.0, 0.22110952], [123220000.0, 0.01654825], [123090000.0, 0.02], [123070000.0, 0.28362036]]},
{"timestamp": 1743933278375, "bids": [[122940000.0, 0.03], [122930000.0, 0.12067979], [122920000.0, 0.0091433], [122910000.0, 0.00862197], [122900000.0, 0.18363559], [122880000.0, 0.12596634], [122870000.0, 0.05035054], [122860000.0, 0.39093335], [122850000.0, 0.0008954], [122840000.0, 0.0200814]], "asks": [[123350000.0, 0.21959099], [123340000.0, 0.00162153], [123310000.0, 0.00040629], [123300000.0, 0.01], [123290000.0, 0.21811257], [123280000.0, 0.01392115], [123260000.0, 0.0077], [123230000.0, 0.22110952], [123090000.0, 0.02], [123070000.0, 0.28362036]]},
{"timestamp": 1743933278592, "bids": [[122940000.0, 0.03], [122930000.0, 0.12067979], [122920000.0, 0.0091433], [122910000.0, 0.00862197], [122900000.0, 0.18363559], [122880000.0, 0.12596634], [122870000.0, 0.05035054], [122860000.0, 0.39093335], [122850000.0, 0.0008954], [122840000.0, 0.0200814]], "asks": [[123340000.0, 0.00162153], [123310000.0, 0.00040629], [123300000.0, 0.01], [123290000.0, 0.21811257], [123280000.0, 0.01392115], [123260000.0, 0.0077], [123230000.0, 0.22110952], [123220000.0, 0.00029909], [123090000.0, 0.02], [123070000.0, 0.28362036]]},
{"timestamp": 1743933278756, "bids": [[122940000.0, 0.03], [122930000.0, 0.12067979], [122920000.0, 0.0091433], [122910000.0, 0.00862197], [122900000.0, 0.18363559], [122880000.0, 0.12596634], [122870000.0, 0.05035054], [122860000.0, 0.39093335], [122850000.0, 0.0008954], [122840000.0, 0.0200814]], "asks": [[123340000.0, 0.00162153], [123310000.0, 0.00040629], [123300000.0, 0.01], [123290000.0, 0.21811257], [123280000.0, 0.01392115], [123260000.0, 0.0077], [123230000.0, 0.22110952], [123220000.0, 0.01757543], [123090000.0, 0.02], [123070000.0, 0.28362036]]},
{"timestamp": 1743933279373, "bids": [[122940000.0, 0.03], [122930000.0, 0.12067979], [122920000.0, 0.0091433], [122910000.0, 0.00862197], [122900000.0, 0.18363559], [122880000.0, 0.12596634], [122870000.0, 0.05035054], [122860000.0, 0.39093335], [122850000.0, 0.0008954], [122840000.0, 0.0200814]], "asks": [[123340000.0, 0.00162153], [123310000.0, 0.00040629], [123300000.0, 0.01], [123290000.0, 0.21811257], [123280000.0, 0.01392115], [123260000.0, 0.0077], [123230000.0, 0.22110952], [123220000.0, 0.01757543], [123090000.0, 0.02], [123070000.0, 0.28362036]]},
{"timestamp": 1743933279691, "bids": [[122940000.0, 0.03], [122930000.0, 0.12067979], [122920000.0, 0.0091433], [122910000.0, 0.00862197], [122900000.0, 0.18363559], [122880000.0, 0.12596634], [122870000.0, 0.05035054], [122860000.0, 0.39093335], [122850000.0, 0.0008954], [122840000.0, 0.0200814]], "asks": [[123340000.0, 0.00162153], [123310000.0, 0.00040629], [123300000.0, 0.01], [123290000.0, 0.21811257], [123280000.0, 0.01392115], [123260000.0, 0.0077], [123230000.0, 0.22110952], [123220000.0, 0.01757543], [123090000.0, 0.02], [123070000.0, 0.28362036]]},
{"timestamp": 1743933280663, "bids": [[122940000.0, 0.03], [122930000.0, 0.12067979], [122920000.0, 0.0091433], [122910000.0, 0.00862197], [122900000.0, 0.18371695], [122880000.0, 0.12596634], [122870000.0, 0.05035054], [122860000.0, 0.39093335], [122850000.0, 0.0008954], [122840000.0, 0.0200814]], "asks": [[123340000.0, 0.00162153], [123310000.0, 0.00040629], [123300000.0, 0.01], [123290000.0, 0.21811257], [123280000.0, 0.01392115], [123260000.0, 0.0077], [123230000.0, 0.22110952], [123220000.0, 0.01757543], [123090000.0, 0.02], [123070000.0, 0.28362036]]},
{"timestamp": 1743933284366, "bids": [[122940000.0, 0.03], [122930000.0, 0.12067979], [122920000.0, 0.0091433], [122910000.0, 0.00862197], [122900000.0, 0.18371695], [122880000.0, 0.12596634], [122870000.0, 0.05035054], [122860000.0, 0.39093335], [122850000.0, 0.0008954], [122840000.0, 0.0200814]], "asks": [[123340000.0, 0.00162153], [123310000.0, 0.00040629], [123300000.0, 0.01], [123290000.0, 0.21811257], [123280000.0, 0.01392115], [123260000.0, 0.0077], [123230000.0, 0.22110952], [123220000.0, 0.01757543], [123090000.0, 0.02], [123070000.0, 0.28362036]]},
{"timestamp": 1743933284666, "bids": [[122940000.0, 0.03], [122930000.0, 0.12067979], [122920000.0, 0.0091433], [122910000.0, 0.00862197], [122900000.0, 0.18371695], [122880000.0, 0.12596634], [122870000.0, 0.05035054], [122860000.0, 0.39093335], [122850000.0, 0.0008954], [122840000.0, 0.0200814]], "asks": [[123340000.0, 0.00162153], [123310000.0, 0.00040629], [123300000.0, 0.01], [123290000.0, 0.21811257], [123280000.0, 0.01392115], [123260000.0, 0.0077], [123230000.0, 0.22110952], [123220000.0, 0.01757543], [123090000.0, 0.02], [123070000.0, 0.28362036]]},
{"timestamp": 1743933289373, "bids": [[122940000.0, 0.03], [122930000.0, 0.12067979], [122920000.0, 0.0091433], [122910000.0, 0.00862197], [122900000.0, 0.18371695], [122880000.0, 0.12596634], [122870000.0, 0.05035054], [122860000.0, 0.39093335], [122850000.0, 0.0008954], [122840000.0, 0.0200814]], "asks": [[123340000.0, 0.00162153], [123310000.0, 0.00040629], [123300000.0, 0.01], [123290000.0, 0.21811257], [123280000.0, 0.01392115], [123260000.0, 0.0077], [123230000.0, 0.22110952], [123220000.0, 0.01757543], [123090000.0, 0.02], [123070000.0, 0.28362036]]},
{"timestamp": 1743933289669, "bids": [[122940000.0, 0.03], [122930000.0, 0.12067979], [122920000.0, 0.0091433], [122910000.0, 0.00862197], [122900000.0, 0.18371695], [122880000.0, 0.12596634], [122870000.0, 0.05035054], [122860000.0, 0.39093335], [122850000.0, 0.0008954], [122840000.0, 0.0200814]], "asks": [[123340000.0, 0.00162153], [123310000.0, 0.00040629], [123300000.0, 0.01], [123290000.0, 0.21811257], [123280000.0, 0.01392115], [123260000.0, 0.0077], [123230000.0, 0.22110952], [123220000.0, 0.01757543], [123090000.0, 0.02], [123070000.0, 0.28362036]]},
{"timestamp": 1743933292281, "bids": [[122940000.0, 0.03], [122930000.0, 0.12067979], [122920000.0, 0.0091433], [122910000.0, 0.00862197], [122900000.0, 0.18371695], [122880000.0, 0.12596634], [122870000.0, 0.05035054], [122860000.0, 0.39093335], [122850000.0, 0.0008954], [122840000.0, 0.0200814]], "asks": [[123340000.0, 0.00162153], [123310000.0, 0.00040629], [123300000.0, 0.01], [123290000.0, 0.21811257], [123280000.0, 0.01392115], [123260000.0, 0.0077], [123230000.0, 0.22110952], [123220000.0, 0.01517062], [123090000.0, 0.02], [123070000.0, 0.28362036]]},
{"timestamp": 1743933293311, "bids": [[122940000.0, 0.03], [122930000.0, 0.12067979], [122920000.0, 0.0091433], [122910000.0, 0.00870333], [122900000.0, 0.18371695], [122880000.0, 0.12596634], [122870000.0, 0.05035054], [122860000.0, 0.39093335], [122850000.0, 0.0008954], [122840000.0, 0.0200814]], "asks": [[123340000.0, 0.00162153], [123310000.0, 0.00040629], [123300000.0, 0.01], [123290000.0, 0.21811257], [123280000.0, 0.01392115], [123260000.0, 0.0077], [123230000.0, 0.22110952], [123220000.0, 0.01517062], [123090000.0, 0.02], [123070000.0, 0.28362036]]},
{"timestamp": 1743933293558, "bids": [[122940000.0, 0.03], [122930000.0, 0.00910607], [122920000.0, 0.0091433], [122910000.0, 0.00870333], [122900000.0, 0.18371695], [122880000.0, 0.12596634], [122870000.0, 0.05035054], [122860000.0, 0.39093335], [122850000.0, 0.0008954], [122840000.0, 0.0200814]], "asks": [[123350000.0, 0.21959099], [123340000.0, 0.00162153], [123310000.0, 0.00040629], [123300000.0, 0.01], [123280000.0, 0.01392115], [123260000.0, 0.0077], [123230000.0, 0.22110952], [123220000.0, 0.01517062], [123090000.0, 0.02], [123070000.0, 0.175]]},
{"timestamp": 1743933294049, "bids": [[122940000.0, 0.03], [122930000.0, 0.00910607], [122920000.0, 0.0091433], [122910000.0, 0.00870333], [122900000.0, 0.18371695], [122880000.0, 0.12596634], [122870000.0, 0.05035054], [122860000.0, 0.39093335], [122850000.0, 0.0008954], [122840000.0, 0.0200814]], "asks": [[123350000.0, 0.21959099], [123340000.0, 0.00162153], [123310000.0, 0.00040629], [123300000.0, 0.01], [123280000.0, 0.01392115], [123260000.0, 0.0077], [123230000.0, 0.22110952], [123220000.0, 0.01526922], [123090000.0, 0.02], [123070000.0, 0.175]]},
{"timestamp": 1743933294213, "bids": [[122940000.0, 0.03], [122930000.0, 0.00910607], [122920000.0, 0.0091433], [122910000.0, 0.00870333], [122900000.0, 0.18371695], [122880000.0, 0.12596634], [122870000.0, 0.05035054], [122860000.0, 0.39093335], [122850000.0, 0.0008954], [122840000.0, 0.0200814]], "asks": [[123350000.0, 0.21959099], [123340000.0, 0.00162153], [123310000.0, 0.00040629], [123300000.0, 0.01], [123280000.0, 0.01392115], [123260000.0, 0.0077], [123230000.0, 0.22110952], [123220000.0, 0.00039769], [123090000.0, 0.02], [123070000.0, 0.175]]},
{"timestamp": 1743933294372, "bids": [[122940000.0, 0.03], [122930000.0, 0.00910607], [122920000.0, 0.0091433], [122910000.0, 0.00870333], [122900000.0, 0.18371695], [122880000.0, 0.12596634], [122870000.0, 0.05035054], [122860000.0, 0.39093335], [122850000.0, 0.0008954], [122840000.0, 0.0200814]], "asks": [[123350000.0, 0.21959099], [123340000.0, 0.00162153], [123310000.0, 0.00040629], [123300000.0, 0.01], [123280000.0, 0.01392115], [123260000.0, 0.0077], [123230000.0, 0.22110952], [123220000.0, 0.00039769], [123090000.0, 0.02], [123070000.0, 0.175]]},
{"timestamp": 1743933294672, "bids": [[122940000.0, 0.03], [122930000.0, 0.00910607], [122920000.0, 0.0091433], [122910000.0, 0.00870333], [122900000.0, 0.18371695], [122880000.0, 0.12596634], [122870000.0, 0.05035054], [122860000.0, 0.39093335], [122850000.0, 0.0008954], [122840000.0, 0.0200814]], "asks": [[123350000.0, 0.21959099], [123340000.0, 0.00162153], [123310000.0, 0.00040629], [123300000.0, 0.01], [123280000.0, 0.01392115], [123260000.0, 0.0077], [123230000.0, 0.22110952], [123220000.0, 0.00039769], [123090000.0, 0.02], [123070000.0, 0.175]]},
{"timestamp": 1743933294846, "bids": [[122940000.0, 0.03], [122930000.0, 0.00910607], [122920000.0, 0.0091433], [122910000.0, 0.00870333], [122900000.0, 0.18371695], [122880000.0, 0.12596634], [122870000.0, 0.05035054], [122860000.0, 0.39093335], [122850000.0, 0.0008954], [122840000.0, 0.0200814]], "asks": [[123350000.0, 0.21959099], [123340000.0, 0.00162153], [123310000.0, 0.00040629], [123300000.0, 0.01], [123280000.0, 0.01392115], [123260000.0, 0.0077], [123230000.0, 0.22110952], [123220000.0, 0.015388], [123090000.0, 0.02], [123070000.0, 0.175]]},
{"timestamp": 1743933295505, "bids": [[122940000.0, 0.03], [122930000.0, 0.00910607], [122920000.0, 0.11697901], [122910000.0, 0.00870333], [122900000.0, 0.18371695], [122880000.0, 0.02008138], [122870000.0, 0.05035054], [122860000.0, 0.39093335], [122850000.0, 0.0008954], [122840000.0, 0.0200814]], "asks": [[123350000.0, 0.008148], [123340000.0, 0.00162153], [123310000.0, 0.00040629], [123300000.0, 0.01], [123280000.0, 0.01392115], [123260000.0, 0.0077], [123220000.0, 0.015388], [123090000.0, 0.02], [123070000.0, 0.175], [123060000.0, 0.10975375]]},
{"timestamp": 1743933295607, "bids": [[122940000.0, 0.03], [122930000.0, 0.00910607], [122920000.0, 0.11697901], [122910000.0, 0.00870333], [122900000.0, 0.18371695], [122880000.0, 0.02008138], [122870000.0, 0.05035054], [122860000.0, 0.39093335], [122850000.0, 0.0008954], [122840000.0, 0.0200814]], "asks": [[123360000.0, 0.08988149], [123350000.0, 0.008148], [123340000.0, 0.00162153], [123310000.0, 0.00040629], [123300000.0, 0.01], [123280000.0, 0.01392115], [123260000.0, 0.22920185], [123090000.0, 0.02], [123070000.0, 0.175], [123060000.0, 0.10975375]]},
{"timestamp": 1743933295747, "bids": [[122940000.0, 0.03], [122930000.0, 0.00910607], [122920000.0, 0.11697901], [122910000.0, 0.00870333], [122900000.0, 0.18371695], [122880000.0, 0.02008138], [122870000.0, 0.05035054], [122860000.0, 0.39093335], [122850000.0, 0.0008954], [122840000.0, 0.0200814]], "asks": [[123360000.0, 0.08988149], [123350000.0, 0.008148], [123340000.0, 0.00162153], [123310000.0, 0.00040629], [123300000.0, 0.01], [123280000.0, 0.01392115], [123260000.0, 0.22920185], [123090000.0, 0.02], [123070000.0, 0.175], [123060000.0, 0.10975375]]},
{"timestamp": 1743933296113, "bids": [[122940000.0, 0.03], [122930000.0, 0.00910607], [122920000.0, 0.11706036], [122910000.0, 0.00870333], [122900000.0, 0.18371695], [122880000.0, 0.02008138], [122870000.0, 0.05035054], [122860000.0, 0.39093335], [122850000.0, 0.0008954], [122840000.0, 0.0200814]], "asks": [[123360000.0, 0.08988149], [123350000.0, 0.008148], [123340000.0, 0.00162153], [123310000.0, 0.00040629], [123300000.0, 0.01], [123280000.0, 0.01392115], [123260000.0, 0.22920185], [123090000.0, 0.02], [123070000.0, 0.175], [123060000.0, 0.10975375]]},
{"timestamp": 1743933296777, "bids": [[122940000.0, 0.03], [122930000.0, 0.00910607], [122920000.0, 0.11706036], [122910000.0, 0.00870333], [122900000.0, 0.18371695], [122880000.0, 0.02008138], [122870000.0, 0.05035054], [122860000.0, 0.39093335], [122850000.0, 0.0008954], [122840000.0, 0.0200814]], "asks": [[123350000.0, 0.008148], [123340000.0, 0.00162153], [123310000.0, 0.00040629], [123300000.0, 0.01], [123280000.0, 0.01392115], [123260000.0, 0.22920185], [123250000.0, 0.00039854], [123090000.0, 0.02], [123070000.0, 0.175], [123060000.0, 0.10975375]]},
{"timestamp": 1743933298276, "bids": [[122940000.0, 0.03], [122930000.0, 0.00910607], [122920000.0, 0.11706036], [122910000.0, 0.00870333], [122900000.0, 0.18371695], [122880000.0, 0.02008138], [122870000.0, 0.05035054], [122860000.0, 0.39093335], [122850000.0, 0.0008954], [122840000.0, 0.0200814]], "asks": [[123350000.0, 0.008148], [123340000.0, 0.00162153], [123310000.0, 0.00040629], [123300000.0, 0.01], [123280000.0, 0.01392115], [123260000.0, 0.22920185], [123250000.0, 0.01569621], [123090000.0, 0.02], [123070000.0, 0.175], [123060000.0, 0.10975375]]},
{"timestamp": 1743933298572, "bids": [[122940000.0, 0.03], [122930000.0, 0.00910607], [122920000.0, 0.11706036], [122910000.0, 0.00870333], [122900000.0, 0.18371695], [122880000.0, 0.02008138], [122870000.0, 0.05035054], [122860000.0, 0.39093335], [122850000.0, 0.0008954], [122840000.0, 0.0200814]], "asks": [[123350000.0, 0.008148], [123340000.0, 0.00162153], [123310000.0, 0.00040629], [123300000.0, 0.01], [123280000.0, 0.01392115], [123260000.0, 0.22920185], [123250000.0, 0.00039854], [123090000.0, 0.02], [123070000.0, 0.175], [123060000.0, 0.10975375]]},
{"timestamp": 1743933298916, "bids": [[122940000.0, 0.03], [122930000.0, 0.00918741], [122920000.0, 0.11706036], [122910000.0, 0.00870333], [122900000.0, 0.18371695], [122880000.0, 0.02008138], [122870000.0, 0.05035054], [122860000.0, 0.39093335], [122850000.0, 0.0008954], [122840000.0, 0.0200814]], "asks": [[123350000.0, 0.008148], [123340000.0, 0.00162153], [123310000.0, 0.00040629], [123300000.0, 0.01], [123280000.0, 0.01392115], [123260000.0, 0.22920185], [123250000.0, 0.00039854], [123090000.0, 0.02], [123070000.0, 0.175], [123060000.0, 0.10975375]]},
{"timestamp": 1743933299041, "bids": [[122940000.0, 0.03], [122930000.0, 0.00918741], [122920000.0, 0.11706036], [122910000.0, 0.00870333], [122900000.0, 0.18371695], [122880000.0, 0.02008138], [122870000.0, 0.05035054], [122860000.0, 0.39093335], [122850000.0, 0.0008954], [122840000.0, 0.0200814]], "asks": [[123350000.0, 0.008148], [123340000.0, 0.00162153], [123310000.0, 0.00040629], [123300000.0, 0.01], [123280000.0, 0.01392115], [123260000.0, 0.22920185], [123250000.0, 0.00039854], [123090000.0, 0.02], [123070000.0, 0.175], [123060000.0, 0.10975375]]},
{"timestamp": 1743933299366, "bids": [[122940000.0, 0.03], [122930000.0, 0.00918741], [122920000.0, 0.11706036], [122910000.0, 0.00870333], [122900000.0, 0.18371695], [122880000.0, 0.02008138], [122870000.0, 0.05035054], [122860000.0, 0.39093335], [122850000.0, 0.0008954], [122840000.0, 0.0200814]], "asks": [[123350000.0, 0.008148], [123340000.0, 0.00162153], [123310000.0, 0.00040629], [123300000.0, 0.01], [123280000.0, 0.01392115], [123260000.0, 0.22920185], [123250000.0, 0.01724593], [123090000.0, 0.02], [123070000.0, 0.175], [123060000.0, 0.10975375]]},
{"timestamp": 1743933299493, "bids": [[122940000.0, 0.03], [122930000.0, 0.00918741], [122920000.0, 0.11706036], [122910000.0, 0.00870333], [122900000.0, 0.18371695], [122890000.0, 0.11173719], [122880000.0, 0.02008138], [122870000.0, 0.05035054], [122860000.0, 0.39093335], [122850000.0, 0.0008954]], "asks": [[123320000.0, 0.21452713], [123310000.0, 0.00040629], [123300000.0, 0.01], [123280000.0, 0.01392115], [123260000.0, 0.22920185], [123250000.0, 0.01724593], [123200000.0, 0.22265703], [123090000.0, 0.02], [123070000.0, 0.175], [123060000.0, 0.10975375]]},
{"timestamp": 1743933299660, "bids": [[122940000.0, 0.03], [122930000.0, 0.00918741], [122920000.0, 0.11706036], [122910000.0, 0.00870333], [122900000.0, 0.18371695], [122890000.0, 0.11173719], [122880000.0, 0.02008138], [122870000.0, 0.05035054], [122860000.0, 0.39093335], [122850000.0, 0.0008954]], "asks": [[123340000.0, 0.00162153], [123320000.0, 0.21452713], [123310000.0, 0.00040629], [123300000.0, 0.01], [123280000.0, 0.01392115], [123260000.0, 0.22920185], [123200000.0, 0.22265703], [123090000.0, 0.02], [123070000.0, 0.175], [123060000.0, 0.10975375]]},
{"timestamp": 1743933300540, "bids": [[122940000.0, 0.03], [122930000.0, 0.00918741], [122920000.0, 0.11706036], [122910000.0, 0.00870333], [122900000.0, 0.18371695], [122890000.0, 0.11173719], [122880000.0, 0.02008138], [122870000.0, 0.05035054], [122860000.0, 0.39093335], [122850000.0, 0.0008954]], "asks": [[123340000.0, 0.00162153], [123320000.0, 0.21452713], [123310000.0, 0.00040629], [123300000.0, 0.01], [123280000.0, 0.01392115], [123260000.0, 0.22920185], [123200000.0, 0.22265703], [123090000.0, 0.02], [123070000.0, 0.175], [123060000.0, 0.10975375]]},
{"timestamp": 1743933302117, "bids": [[122940000.0, 0.03], [122930000.0, 0.00918741], [122920000.0, 0.11706036], [122910000.0, 0.00870333], [122900000.0, 0.18371695], [122890000.0, 0.11173719], [122880000.0, 0.02008138], [122870000.0, 0.05035054], [122860000.0, 0.39093335], [122850000.0, 0.0008954]], "asks": [[123320000.0, 0.21452713], [123310000.0, 0.00040629], [123300000.0, 0.01], [123280000.0, 0.01392115], [123260000.0, 0.22920185], [123200000.0, 0.22265703], [123190000.0, 0.00039741], [123090000.0, 0.02], [123070000.0, 0.175], [123060000.0, 0.10975375]]},
{"timestamp": 1743933302285, "bids": [[122940000.0, 0.03], [122930000.0, 0.00918741], [122920000.0, 0.11706036], [122910000.0, 0.00870333], [122900000.0, 0.18371695], [122890000.0, 0.11173719], [122880000.0, 0.02008138], [122870000.0, 0.05035054], [122860000.0, 0.39093335], [122850000.0, 0.0008954]], "asks": [[123320000.0, 0.21452713], [123310000.0, 0.00040629], [123300000.0, 0.01], [123280000.0, 0.01392115], [123260000.0, 0.22920185], [123200000.0, 0.22265703], [123190000.0, 0.01764922], [123090000.0, 0.02], [123070000.0, 0.175], [123060000.0, 0.10975375]]},
{"timestamp": 1743933303665, "bids": [[122940000.0, 0.03008134], [122930000.0, 0.00918741], [122920000.0, 0.11706036], [122910000.0, 0.00870333], [122900000.0, 0.18371695], [122890000.0, 0.11173719], [122880000.0, 0.02008138], [122870000.0, 0.05035054], [122860000.0, 0.39093335], [122850000.0, 0.0008954]], "asks": [[123320000.0, 0.21452713], [123310000.0, 0.00040629], [123300000.0, 0.01], [123280000.0, 0.01392115], [123260000.0, 0.22920185], [123200000.0, 0.22265703], [123190000.0, 0.01764922], [123090000.0, 0.02], [123070000.0, 0.175], [123060000.0, 0.10975375]]},
{"timestamp": 1743933303942, "bids": [[122940000.0, 0.03008134], [122930000.0, 0.00918741], [122920000.0, 0.11706036], [122910000.0, 0.00870333], [122900000.0, 0.18371695], [122890000.0, 0.11173719], [122880000.0, 0.02008138], [122870000.0, 0.05035054], [122860000.0, 0.39093335], [122850000.0, 0.0008954]], "asks": [[123320000.0, 0.21452713], [123310000.0, 0.00040629], [123300000.0, 0.01], [123280000.0, 0.01392115], [123260000.0, 0.22920185], [123200000.0, 0.22265703], [123190000.0, 0.01764922], [123090000.0, 0.02], [123070000.0, 0.175], [123060000.0, 0.10975375]]},
{"timestamp": 1743933304368, "bids": [[122940000.0, 0.03008134], [122930000.0, 0.00918741], [122920000.0, 0.11706036], [122910000.0, 0.00870333], [122900000.0, 0.18371695], [122890000.0, 0.11173719], [122880000.0, 0.02008138], [122870000.0, 0.05035054], [122860000.0, 0.39093335], [122850000.0, 0.0008954]], "asks": [[123320000.0, 0.21452713], [123310000.0, 0.00040629], [123300000.0, 0.01], [123280000.0, 0.01392115], [123260000.0, 0.22920185], [123200000.0, 0.22265703], [123190000.0, 0.01764922], [123090000.0, 0.02], [123070000.0, 0.175], [123060000.0, 0.10975375]]},
{"timestamp": 1743933304677, "bids": [[122940000.0, 0.03008134], [122930000.0, 0.00918741], [122920000.0, 0.11706036], [122910000.0, 0.00870333], [122900000.0, 0.18371695], [122890000.0, 0.11173719], [122880000.0, 0.02008138], [122870000.0, 0.05035054], [122860000.0, 0.39093335], [122850000.0, 0.0008954]], "asks": [[123320000.0, 0.21452713], [123310000.0, 0.00040629], [123300000.0, 0.01], [123280000.0, 0.01392115], [123260000.0, 0.22920185], [123200000.0, 0.22265703], [123190000.0, 0.01764922], [123090000.0, 0.02], [123070000.0, 0.175], [123060000.0, 0.10975375]]},
{"timestamp": 1743933307402, "bids": [[122940000.0, 0.03008134], [122930000.0, 0.00918741], [122920000.0, 0.11706036], [122910000.0, 0.00870333], [122900000.0, 0.18371695], [122890000.0, 0.11173719], [122880000.0, 0.02008138], [122870000.0, 0.05035054], [122860000.0, 0.39093335], [122850000.0, 0.0008954]], "asks": [[123320000.0, 0.21452713], [123310000.0, 0.00040629], [123300000.0, 0.01], [123280000.0, 0.01392115], [123260000.0, 0.22920185], [123200000.0, 0.22265703], [123190000.0, 0.01764922], [123090000.0, 0.02], [123070000.0, 0.175], [123060000.0, 0.10975375]]},
{"timestamp": 1743933309154, "bids": [[122940000.0, 0.03008134], [122930000.0, 0.00918741], [122920000.0, 0.11706036], [122910000.0, 0.00870333], [122900000.0, 0.18371695], [122890000.0, 0.11181856], [122880000.0, 0.02008138], [122870000.0, 0.05035054], [122860000.0, 0.39093335], [122850000.0, 0.0008954]], "asks": [[123320000.0, 0.21452713], [123310000.0, 0.00040629], [123300000.0, 0.01], [123280000.0, 0.01392115], [123260000.0, 0.22920185], [123200000.0, 0.22265703], [123190000.0, 0.01764922], [123090000.0, 0.02], [123070000.0, 0.175], [123060000.0, 0.10975375]]},
{"timestamp": 1743933309369, "bids": [[122940000.0, 0.03008134], [122930000.0, 0.00918741], [122920000.0, 0.11706036], [122910000.0, 0.00870333], [122900000.0, 0.18371695], [122890000.0, 0.11181856], [122880000.0, 0.02008138], [122870000.0, 0.05035054], [122860000.0, 0.39093335], [122850000.0, 0.0008954]], "asks": [[123320000.0, 0.21452713], [123310000.0, 0.00040629], [123300000.0, 0.01], [123280000.0, 0.01392115], [123260000.0, 0.22920185], [123200000.0, 0.22265703], [123190000.0, 0.01764922], [123090000.0, 0.02], [123070000.0, 0.175], [123060000.0, 0.10975375]]},
{"timestamp": 1743933309673, "bids": [[122940000.0, 0.03008134], [122930000.0, 0.00918741], [122920000.0, 0.11706036], [122910000.0, 0.00870333], [122900000.0, 0.18371695], [122890000.0, 0.11181856], [122880000.0, 0.02008138], [122870000.0, 0.05035054], [122860000.0, 0.39093335], [122850000.0, 0.0008954]], "asks": [[123320000.0, 0.21452713], [123310000.0, 0.00040629], [123300000.0, 0.01], [123280000.0, 0.01392115], [123260000.0, 0.22920185], [123200000.0, 0.22265703], [123190000.0, 0.01764922], [123090000.0, 0.02], [123070000.0, 0.175], [123060000.0, 0.10975375]]},
{"timestamp": 1743933310765, "bids": [[122940000.0, 0.03008134], [122930000.0, 0.00918741], [122920000.0, 0.11706036], [122910000.0, 0.00870333], [122900000.0, 0.18371695], [122890000.0, 0.11181856], [122880000.0, 0.02008138], [122870000.0, 0.05035054], [122860000.0, 0.39093335], [122850000.0, 0.0008954]], "asks": [[123320000.0, 0.21452713], [123310000.0, 0.00040629], [123300000.0, 0.01], [123280000.0, 0.01392115], [123260000.0, 0.22920185], [123200000.0, 0.22265703], [123190000.0, 0.01764922], [123090000.0, 0.02], [123070000.0, 0.175], [123060000.0, 0.10975375]]},
{"timestamp": 1743933314025, "bids": [[122940000.0, 0.03008134], [122930000.0, 0.00918741], [122920000.0, 0.11706036], [122910000.0, 0.00870333], [122900000.0, 0.18371695], [122890000.0, 0.11181856], [122880000.0, 0.02008138], [122870000.0, 0.01415054], [122860000.0, 0.39093335], [122850000.0, 0.0008954]], "asks": [[123320000.0, 0.21452713], [123310000.0, 0.00040629], [123300000.0, 0.01], [123280000.0, 0.01392115], [123260000.0, 0.22920185], [123200000.0, 0.22265703], [123190000.0, 0.01764922], [123090000.0, 0.02], [123070000.0, 0.175], [123060000.0, 0.10975375]]},
{"timestamp": 1743933314366, "bids": [[122940000.0, 0.03008134], [122930000.0, 0.00918741], [122920000.0, 0.11706036], [122910000.0, 0.00870333], [122900000.0, 0.18371695], [122890000.0, 0.11181856], [122880000.0, 0.02008138], [122870000.0, 0.01415054], [122860000.0, 0.39093335], [122850000.0, 0.0008954]], "asks": [[123320000.0, 0.21452713], [123310000.0, 0.00040629], [123300000.0, 0.01], [123280000.0, 0.01392115], [123260000.0, 0.22920185], [123200000.0, 0.22265703], [123190000.0, 0.01764922], [123090000.0, 0.02], [123070000.0, 0.175], [123060000.0, 0.10975375]]},
{"timestamp": 1743933314709, "bids": [[122940000.0, 0.03008134], [122930000.0, 0.00918741], [122920000.0, 0.11706036], [122910000.0, 0.00870333], [122900000.0, 0.18371695], [122890000.0, 0.11181856], [122880000.0, 0.02008138], [122870000.0, 0.01415054], [122860000.0, 0.39093335], [122850000.0, 0.0008954]], "asks": [[123320000.0, 0.21452713], [123310000.0, 0.00040629], [123300000.0, 0.01], [123280000.0, 0.01392115], [123260000.0, 0.22920185], [123200000.0, 0.22265703], [123190000.0, 0.01764922], [123090000.0, 0.02], [123070000.0, 0.175], [123060000.0, 0.10975375]]},
{"timestamp": 1743933315058, "bids": [[122940000.0, 0.03008134], [122930000.0, 0.00918741], [122920000.0, 0.11706036], [122910000.0, 0.00870333], [122900000.0, 0.18371695], [122890000.0, 0.11181856], [122880000.0, 0.02008138], [122870000.0, 0.01415054], [122860000.0, 0.39093335], [122850000.0, 0.0008954]], "asks": [[123320000.0, 0.21452713], [123310000.0, 0.00040629], [123300000.0, 0.01], [123280000.0, 0.01392115], [123260000.0, 0.22920185], [123200000.0, 0.22265703], [123190000.0, 0.01764922], [123090000.0, 0.02], [123070000.0, 0.175], [123060000.0, 0.10975375]]},
{"timestamp": 1743933315207, "bids": [[122940000.0, 0.03008134], [122930000.0, 0.00918741], [122920000.0, 0.11706036], [122910000.0, 0.00870333], [122900000.0, 0.18371695], [122890000.0, 0.11181856], [122880000.0, 0.02008138], [122870000.0, 0.01415054], [122860000.0, 0.42703335], [122850000.0, 0.0008954]], "asks": [[123320000.0, 0.21452713], [123310000.0, 0.00040629], [123300000.0, 0.01], [123280000.0, 0.01392115], [123260000.0, 0.22920185], [123200000.0, 0.22265703], [123190000.0, 0.01764922], [123090000.0, 0.02], [123070000.0, 0.175], [123060000.0, 0.10975375]]},
{"timestamp": 1743933317107, "bids": [[122940000.0, 0.03008134], [122930000.0, 0.00918741], [122920000.0, 0.11706036], [122910000.0, 0.00870333], [122900000.0, 0.18371695], [122890000.0, 0.11181856], [122880000.0, 0.02008138], [122870000.0, 0.01415054], [122860000.0, 0.42703335], [122850000.0, 0.0008954]], "asks": [[123320000.0, 0.21452713], [123310000.0, 0.00040629], [123300000.0, 0.01], [123280000.0, 0.01392115], [123260000.0, 0.22920185], [123200000.0, 0.22265703], [123190000.0, 0.01764922], [123090000.0, 0.02], [123070000.0, 0.175], [123060000.0, 0.10975375]]},
{"timestamp": 1743933317447, "bids": [[122940000.0, 0.03008134], [122930000.0, 0.00918741], [122920000.0, 0.11706036], [122910000.0, 0.00870333], [122900000.0, 0.18371695], [122890000.0, 0.11181856], [122880000.0, 0.02008138], [122870000.0, 0.01415054], [122860000.0, 0.42703335], [122850000.0, 0.0008954]], "asks": [[123320000.0, 0.21452713], [123310000.0, 0.00040629], [123300000.0, 0.01], [123280000.0, 0.01392115], [123260000.0, 0.22920185], [123200000.0, 0.22265703], [123190000.0, 0.01764922], [123090000.0, 0.02], [123070000.0, 0.175], [123060000.0, 0.10975375]]},
{"timestamp": 1743933319195, "bids": [[122940000.0, 0.03008134], [122930000.0, 0.00918741], [122920000.0, 0.11706036], [122910000.0, 0.00870333], [122900000.0, 0.18371695], [122890000.0, 0.11181856], [122880000.0, 0.02008138], [122870000.0, 0.01415054], [122860000.0, 0.39093335], [122850000.0, 0.0008954]], "asks": [[123320000.0, 0.21452713], [123310000.0, 0.00040629], [123300000.0, 0.01], [123280000.0, 0.01392115], [123260000.0, 0.22920185], [123200000.0, 0.22265703], [123190000.0, 0.01764922], [123090000.0, 0.02], [123070000.0, 0.175], [123060000.0, 0.10975375]]},
{"timestamp": 1743933319367, "bids": [[122940000.0, 0.03008134], [122930000.0, 0.00918741], [122920000.0, 0.11706036], [122910000.0, 0.00870333], [122900000.0, 0.18371695], [122890000.0, 0.11181856], [122880000.0, 0.02008138], [122870000.0, 0.01415054], [122860000.0, 0.39093335], [122850000.0, 0.0008954]], "asks": [[123320000.0, 0.21452713], [123310000.0, 0.00040629], [123300000.0, 0.01], [123280000.0, 0.01392115], [123260000.0, 0.22920185], [123200000.0, 0.22265703], [123190000.0, 0.01764922], [123090000.0, 0.02], [123070000.0, 0.175], [123060000.0, 0.10975375]]},
{"timestamp": 1743933319540, "bids": [[122940000.0, 8.134e-05], [122930000.0, 0.00918741], [122920000.0, 0.11706036], [122910000.0, 0.00870333], [122900000.0, 0.18371695], [122890000.0, 0.11181856], [122880000.0, 0.02008138], [122870000.0, 0.01415054], [122860000.0, 0.39093335], [122850000.0, 0.0008954]], "asks": [[123320000.0, 0.21452713], [123310000.0, 0.00040629], [123300000.0, 0.01], [123280000.0, 0.01392115], [123260000.0, 0.22920185], [123200000.0, 0.22265703], [123190000.0, 0.01764922], [123090000.0, 0.02], [123070000.0, 0.175], [123060000.0, 0.10975375]]},
{"timestamp": 1743933319670, "bids": [[122940000.0, 8.134e-05], [122930000.0, 0.00918741], [122920000.0, 0.11706036], [122910000.0, 0.00870333], [122900000.0, 0.18371695], [122890000.0, 0.11181856], [122880000.0, 0.02008138], [122870000.0, 0.01415054], [122860000.0, 0.39093335], [122850000.0, 0.0008954]], "asks": [[123320000.0, 0.21452713], [123310000.0, 0.00040629], [123300000.0, 0.01], [123280000.0, 0.01392115], [123260000.0, 0.22920185], [123200000.0, 0.22265703], [123190000.0, 0.01764922], [123090000.0, 0.02], [123070000.0, 0.175], [123060000.0, 0.10975375]]},
{"timestamp": 1743933320016, "bids": [[122940000.0, 8.134e-05], [122930000.0, 0.00918741], [122920000.0, 0.11706036], [122910000.0, 0.00870333], [122900000.0, 0.18371695], [122890000.0, 0.11181856], [122880000.0, 0.02008138], [122870000.0, 0.01415054], [122860000.0, 0.39093335], [122850000.0, 0.0369954]], "asks": [[123320000.0, 0.21452713], [123310000.0, 0.00040629], [123300000.0, 0.01], [123280000.0, 0.01392115], [123260000.0, 0.22920185], [123200000.0, 0.22265703], [123190000.0, 0.01764922], [123090000.0, 0.02], [123070000.0, 0.175], [123060000.0, 0.10975375]]},
{"timestamp": 1743933320301, "bids": [[122940000.0, 8.134e-05], [122930000.0, 0.03918741], [122920000.0, 0.11706036], [122910000.0, 0.00870333], [122900000.0, 0.18371695], [122890000.0, 0.11181856], [122880000.0, 0.02008138], [122870000.0, 0.01415054], [122860000.0, 0.39093335], [122850000.0, 0.0369954]], "asks": [[123320000.0, 0.21452713], [123310000.0, 0.00040629], [123300000.0, 0.01], [123280000.0, 0.01392115], [123260000.0, 0.22920185], [123200000.0, 0.22265703], [123190000.0, 0.01764922], [123090000.0, 0.02], [123070000.0, 0.175], [123060000.0, 0.10975375]]},
{"timestamp": 1743933324365, "bids": [[122940000.0, 8.134e-05], [122930000.0, 0.03918741], [122920000.0, 0.11706036], [122910000.0, 0.00870333], [122900000.0, 0.18371695], [122890000.0, 0.11181856], [122880000.0, 0.02008138], [122870000.0, 0.01415054], [122860000.0, 0.39093335], [122850000.0, 0.0369954]], "asks": [[123320000.0, 0.21452713], [123310000.0, 0.00040629], [123300000.0, 0.01], [123280000.0, 0.01392115], [123260000.0, 0.22920185], [123200000.0, 0.22265703], [123190000.0, 0.01764922], [123090000.0, 0.02], [123070000.0, 0.175], [123060000.0, 0.10975375]]},
{"timestamp": 1743933324666, "bids": [[122940000.0, 8.134e-05], [122930000.0, 0.03918741], [122920000.0, 0.11706036], [122910000.0, 0.00870333], [122900000.0, 0.18371695], [122890000.0, 0.11181856], [122880000.0, 0.02008138], [122870000.0, 0.01415054], [122860000.0, 0.39093335], [122850000.0, 0.0369954]], "asks": [[123320000.0, 0.21452713], [123310000.0, 0.00040629], [123300000.0, 0.01], [123280000.0, 0.01392115], [123260000.0, 0.22920185], [123200000.0, 0.22265703], [123190000.0, 0.01764922], [123090000.0, 0.02], [123070000.0, 0.175], [123060000.0, 0.10975375]]},
{"timestamp": 1743933329164, "bids": [[122940000.0, 8.134e-05], [122930000.0, 0.03918741], [122920000.0, 0.11706036], [122910000.0, 0.00870333], [122900000.0, 0.18371695], [122890000.0, 0.11181856], [122880000.0, 0.02008138], [122870000.0, 0.01415054], [122860000.0, 0.19974197], [122850000.0, 0.0369954]], "asks": [[123320000.0, 0.21452713], [123310000.0, 0.00040629], [123300000.0, 0.01], [123280000.0, 0.01392115], [123260000.0, 0.22920185], [123200000.0, 0.22265703], [123190000.0, 0.01764922], [123090000.0, 0.02], [123070000.0, 0.175], [123060000.0, 0.10975375]]},
{"timestamp": 1743933329283, "bids": [[122940000.0, 8.134e-05], [122930000.0, 0.03918741], [122920000.0, 0.11706036], [122910000.0, 0.00870333], [122900000.0, 0.18371695], [122890000.0, 0.11181856], [122880000.0, 0.02008138], [122870000.0, 0.01415054], [122860000.0, 0.19974197], [122850000.0, 0.0369954]], "asks": [[123320000.0, 0.21452713], [123310000.0, 0.00040629], [123300000.0, 0.01], [123280000.0, 0.01392115], [123260000.0, 0.22920185], [123200000.0, 0.22265703], [123190000.0, 0.01764922], [123090000.0, 0.02], [123070000.0, 0.175], [123060000.0, 0.10975375]]},
{"timestamp": 1743933329671, "bids": [[122940000.0, 8.134e-05], [122930000.0, 0.03918741], [122920000.0, 0.11706036], [122910000.0, 0.00870333], [122900000.0, 0.18371695], [122890000.0, 0.11181856], [122880000.0, 0.02008138], [122870000.0, 0.01415054], [122860000.0, 0.19974197], [122850000.0, 0.0369954]], "asks": [[123320000.0, 0.21452713], [123310000.0, 0.00040629], [123300000.0, 0.01], [123280000.0, 0.01392115], [123260000.0, 0.22920185], [123200000.0, 0.22265703], [123190000.0, 0.01764922], [123090000.0, 0.02], [123070000.0, 0.175], [123060000.0, 0.10975375]]},
{"timestamp": 1743933331104, "bids": [[122940000.0, 8.134e-05], [122930000.0, 0.03918741], [122920000.0, 0.11706036], [122910000.0, 0.00870333], [122900000.0, 0.18371695], [122890000.0, 0.11181856], [122880000.0, 0.02008138], [122870000.0, 0.01415054], [122860000.0, 0.19974197], [122850000.0, 0.0369954]], "asks": [[123320000.0, 0.21452713], [123310000.0, 0.00040629], [123300000.0, 0.01], [123280000.0, 0.01392115], [123260000.0, 0.22920185], [123200000.0, 0.22265703], [123190000.0, 0.01764922], [123090000.0, 0.02], [123070000.0, 0.175], [123060000.0, 0.10975375]]},
{"timestamp": 1743933331299, "bids": [[122940000.0, 8.134e-05], [122930000.0, 0.03918741], [122920000.0, 0.11706036], [122910000.0, 0.00870333], [122900000.0, 0.18371695], [122890000.0, 0.11181856], [122880000.0, 0.02008138], [122870000.0, 0.01415054], [122860000.0, 0.43559865], [122850000.0, 0.0369954]], "asks": [[123320000.0, 0.21452713], [123310000.0, 0.00040629], [123300000.0, 0.01], [123280000.0, 0.01392115], [123260000.0, 0.22920185], [123200000.0, 0.22265703], [123190000.0, 0.01764922], [123090000.0, 0.02], [123070000.0, 0.175], [123060000.0, 0.10975375]]},
{"timestamp": 1743933331432, "bids": [[122940000.0, 8.134e-05], [122930000.0, 0.03918741], [122920000.0, 0.11706036], [122910000.0, 0.00870333], [122900000.0, 0.18371695], [122890000.0, 0.11181856], [122880000.0, 0.02008138], [122870000.0, 0.01415054], [122860000.0, 0.43559865], [122850000.0, 0.0369954]], "asks": [[123320000.0, 0.21452713], [123310000.0, 0.00040629], [123300000.0, 0.01], [123280000.0, 0.01392115], [123260000.0, 0.22920185], [123200000.0, 0.22265703], [123190000.0, 0.01764922], [123090000.0, 0.02], [123070000.0, 0.175], [123060000.0, 0.10975375]]},
{"timestamp": 1743933332465, "bids": [[122940000.0, 8.134e-05], [122930000.0, 0.03918741], [122920000.0, 0.11706036], [122910000.0, 0.00870333], [122900000.0, 0.18371695], [122890000.0, 0.11181856], [122880000.0, 0.02008138], [122870000.0, 0.01415054], [122860000.0, 0.19974197], [122850000.0, 0.0369954]], "asks": [[123320000.0, 0.21452713], [123310000.0, 0.00040629], [123300000.0, 0.01], [123280000.0, 0.01392115], [123260000.0, 0.22920185], [123200000.0, 0.22265703], [123190000.0, 0.01764922], [123090000.0, 0.02], [123070000.0, 0.175], [123060000.0, 0.10975375]]},
{"timestamp": 1743933332584, "bids": [[122940000.0, 8.134e-05], [122930000.0, 0.03918741], [122920000.0, 0.11706036], [122910000.0, 0.00870333], [122900000.0, 0.18371695], [122890000.0, 0.11181856], [122880000.0, 0.02008138], [122870000.0, 0.01415054], [122860000.0, 0.19974197], [122850000.0, 0.27287127]], "asks": [[123320000.0, 0.21452713], [123310000.0, 0.00040629], [123300000.0, 0.01], [123280000.0, 0.01392115], [123260000.0, 0.22920185], [123200000.0, 0.22265703], [123190000.0, 0.01764922], [123090000.0, 0.02], [123070000.0, 0.175], [123060000.0, 0.10975375]]},
{"timestamp": 1743933334371, "bids": [[122940000.0, 8.134e-05], [122930000.0, 0.03918741], [122920000.0, 0.11706036], [122910000.0, 0.00870333], [122900000.0, 0.18371695], [122890000.0, 0.11181856], [122880000.0, 0.02008138], [122870000.0, 0.01415054], [122860000.0, 0.19974197], [122850000.0, 0.27287127]], "asks": [[123320000.0, 0.21452713], [123310000.0, 0.00040629], [123300000.0, 0.01], [123280000.0, 0.01392115], [123260000.0, 0.22920185], [123200000.0, 0.22265703], [123190000.0, 0.01764922], [123090000.0, 0.02], [123070000.0, 0.175], [123060000.0, 0.10975375]]},
{"timestamp": 1743933334673, "bids": [[122940000.0, 8.134e-05], [122930000.0, 0.03918741], [122920000.0, 0.11706036], [122910000.0, 0.00870333], [122900000.0, 0.18371695], [122890000.0, 0.11181856], [122880000.0, 0.02008138], [122870000.0, 0.01415054], [122860000.0, 0.19974197], [122850000.0, 0.27287127]], "asks": [[123320000.0, 0.21452713], [123310000.0, 0.00040629], [123300000.0, 0.01], [123280000.0, 0.01392115], [123260000.0, 0.22920185], [123200000.0, 0.22265703], [123190000.0, 0.01764922], [123090000.0, 0.02], [123070000.0, 0.175], [123060000.0, 0.10975375]]},
{"timestamp": 1743933334897, "bids": [[122930000.0, 0.03918741], [122920000.0, 0.11706036], [122910000.0, 0.00870333], [122900000.0, 0.18371695], [122890000.0, 0.11181856], [122880000.0, 0.02008138], [122870000.0, 0.01415054], [122860000.0, 0.19974197], [122850000.0, 0.27287127], [122840000.0, 0.0200814]], "asks": [[123310000.0, 0.00040629], [123300000.0, 0.01], [123280000.0, 0.01392115], [123260000.0, 0.22920185], [123200000.0, 0.22265703], [123190000.0, 0.01764922], [123090000.0, 0.02], [123070000.0, 0.175], [123060000.0, 0.10975375], [123050000.0, 0.00841084]]},
{"timestamp": 1743933335064, "bids": [[122930000.0, 0.03918741], [122920000.0, 0.11706036], [122910000.0, 8.136e-05], [122900000.0, 0.18371695], [122890000.0, 0.11181856], [122880000.0, 0.02008138], [122870000.0, 0.01415054], [122860000.0, 0.19974197], [122850000.0, 0.27287127], [122840000.0, 0.0200814]], "asks": [[123310000.0, 0.00040629], [123300000.0, 0.01], [123280000.0, 0.01392115], [123260000.0, 0.22920185], [123200000.0, 0.22265703], [123190000.0, 0.01764922], [123090000.0, 0.02], [123070000.0, 0.175], [123060000.0, 0.10975375], [123050000.0, 0.00841084]]},
{"timestamp": 1743933335226, "bids": [[122930000.0, 0.03918741], [122920000.0, 0.11706036], [122910000.0, 0.00846496], [122900000.0, 0.18371695], [122890000.0, 0.11181856], [122880000.0, 0.02008138], [122870000.0, 0.01415054], [122860000.0, 0.19974197], [122850000.0, 0.27287127], [122840000.0, 0.0200814]], "asks": [[123310000.0, 0.00040629], [123300000.0, 0.01], [123280000.0, 0.01392115], [123260000.0, 0.22920185], [123200000.0, 0.22265703], [123190000.0, 0.01764922], [123090000.0, 0.02], [123070000.0, 0.175], [123060000.0, 0.10975375], [123050000.0, 0.00841084]]},
{"timestamp": 1743933335390, "bids": [[122930000.0, 0.03918741], [122920000.0, 0.11706036], [122910000.0, 0.00846496], [122900000.0, 0.18371695], [122890000.0, 0.11181856], [122880000.0, 0.02008138], [122870000.0, 0.01415054], [122860000.0, 0.19974197], [122850000.0, 0.27287127], [122840000.0, 0.0200814]], "asks": [[123320000.0, 0.21452713], [123310000.0, 0.00040629], [123300000.0, 0.01], [123280000.0, 0.01392115], [123260000.0, 0.22920185], [123200000.0, 0.22265703], [123190000.0, 0.01764922], [123090000.0, 0.02], [123070000.0, 0.175], [123060000.0, 0.10975375]]},
{"timestamp": 1743933335549, "bids": [[122930000.0, 0.03918741], [122920000.0, 0.11706036], [122910000.0, 0.00846496], [122900000.0, 0.18371695], [122890000.0, 0.11181856], [122880000.0, 0.02008138], [122870000.0, 0.01415054], [122860000.0, 0.19974197], [122850000.0, 0.27287127], [122840000.0, 0.0200814]], "asks": [[123310000.0, 0.00040629], [123300000.0, 0.01], [123280000.0, 0.01392115], [123260000.0, 0.22920185], [123200000.0, 0.22265703], [123190000.0, 0.01764922], [123090000.0, 0.02], [123070000.0, 0.175], [123060000.0, 0.10975375], [123050000.0, 0.00841084]]},
{"timestamp": 1743933336351, "bids": [[122930000.0, 0.03918741], [122920000.0, 0.11706036], [122910000.0, 0.00846496], [122900000.0, 0.18371695], [122890000.0, 0.11181856], [122880000.0, 0.02008138], [122870000.0, 0.01415054], [122860000.0, 0.19974197], [122850000.0, 0.27287127], [122840000.0, 0.0200814]], "asks": [[123310000.0, 0.00040629], [123300000.0, 0.01], [123280000.0, 0.01392115], [123260000.0, 0.22920185], [123200000.0, 0.22265703], [123190000.0, 0.01764922], [123090000.0, 0.02], [123070000.0, 0.175], [123060000.0, 0.10975375], [123050000.0, 0.00841084]]},
{"timestamp": 1743933336460, "bids": [[122930000.0, 0.03918741], [122920000.0, 0.11706036], [122910000.0, 0.00846496], [122900000.0, 0.18371695], [122890000.0, 0.11181856], [122880000.0, 0.02008138], [122870000.0, 0.01415054], [122860000.0, 0.19974197], [122850000.0, 0.27287127], [122840000.0, 0.0200814]], "asks": [[123310000.0, 0.00040629], [123300000.0, 0.01], [123280000.0, 0.01392115], [123260000.0, 0.22920185], [123200000.0, 0.22265703], [123190000.0, 0.01764922], [123090000.0, 0.02], [123070000.0, 0.175], [123060000.0, 0.10975375], [123050000.0, 0.00841084]]},
{"timestamp": 1743933339183, "bids": [[122930000.0, 0.03918741], [122920000.0, 0.11706036], [122910000.0, 0.00846496], [122900000.0, 0.18371695], [122890000.0, 0.11181856], [122880000.0, 0.02008138], [122870000.0, 0.01415054], [122860000.0, 0.19974197], [122850000.0, 0.27287127], [122840000.0, 0.0200814]], "asks": [[123310000.0, 0.00040629], [123300000.0, 0.01], [123280000.0, 0.01392115], [123260000.0, 0.22920185], [123200000.0, 0.22265703], [123190000.0, 0.0175508], [123090000.0, 0.02], [123070000.0, 0.175], [123060000.0, 0.10975375], [123050000.0, 0.00841084]]},
{"timestamp": 1743933339357, "bids": [[122930000.0, 0.03918741], [122920000.0, 0.11706036], [122910000.0, 0.00846496], [122900000.0, 0.18371695], [122890000.0, 0.11181856], [122880000.0, 0.02008138], [122870000.0, 0.01415054], [122860000.0, 0.19974197], [122850000.0, 0.23677127], [122840000.0, 0.0561814]], "asks": [[123310000.0, 0.00040629], [123300000.0, 0.01], [123280000.0, 0.01392115], [123260000.0, 0.22920185], [123200000.0, 0.22265703], [123190000.0, 0.0175508], [123090000.0, 0.02], [123070000.0, 0.175], [123060000.0, 0.10975375], [123050000.0, 0.00841084]]},
{"timestamp": 1743933339673, "bids": [[122930000.0, 0.03918741], [122920000.0, 0.11706036], [122910000.0, 0.00846496], [122900000.0, 0.18371695], [122890000.0, 0.11181856], [122880000.0, 0.02008138], [122870000.0, 0.01415054], [122860000.0, 0.19974197], [122850000.0, 0.23677127], [122840000.0, 0.0561814]], "asks": [[123310000.0, 0.00040629], [123300000.0, 0.01], [123280000.0, 0.01392115], [123260000.0, 0.22920185], [123200000.0, 0.22265703], [123190000.0, 0.0175508], [123090000.0, 0.02], [123070000.0, 0.175], [123060000.0, 0.10975375], [123050000.0, 0.00841084]]},
{"timestamp": 1743933339779, "bids": [[122930000.0, 0.03918741], [122920000.0, 0.11706036], [122910000.0, 0.00846496], [122900000.0, 0.18371695], [122890000.0, 0.11181856], [122880000.0, 0.02008138], [122870000.0, 0.01415054], [122860000.0, 0.19974197], [122850000.0, 0.23677127], [122840000.0, 0.0561814]], "asks": [[123310000.0, 0.00040629], [123300000.0, 0.01], [123280000.0, 0.01392115], [123260000.0, 0.22920185], [123200000.0, 0.22265703], [123190000.0, 0.01725181], [123090000.0, 0.02], [123070000.0, 0.175], [123060000.0, 0.10975375], [123050000.0, 0.00841084]]},
{"timestamp": 1743933340339, "bids": [[122930000.0, 0.03918741], [122920000.0, 0.11706036], [122910000.0, 0.00846496], [122900000.0, 0.18371695], [122890000.0, 0.11181856], [122880000.0, 0.02008138], [122870000.0, 0.01415054], [122860000.0, 0.19974197], [122850000.0, 0.23677127], [122840000.0, 0.0561814]], "asks": [[123310000.0, 0.00040629], [123300000.0, 0.01], [123280000.0, 0.01392115], [123260000.0, 0.22920185], [123200000.0, 0.22265703], [123190000.0, 0.01725181], [123090000.0, 0.02], [123070000.0, 0.175], [123060000.0, 0.10975375], [123050000.0, 0.00841084]]},
{"timestamp": 1743933340451, "bids": [[122930000.0, 0.03918741], [122920000.0, 0.11706036], [122910000.0, 0.00846496], [122900000.0, 0.18371695], [122890000.0, 0.11181856], [122880000.0, 0.02008138], [122870000.0, 0.01415054], [122860000.0, 0.19974197], [122850000.0, 0.23677127], [122840000.0, 0.0561814]], "asks": [[123310000.0, 0.00040629], [123300000.0, 0.01], [123280000.0, 0.01392115], [123260000.0, 0.22920185], [123200000.0, 0.22265703], [123190000.0, 0.01725181], [123090000.0, 0.02], [123070000.0, 0.175], [123060000.0, 0.10975375], [123050000.0, 0.00841084]]},
{"timestamp": 1743933341318, "bids": [[122930000.0, 0.03918741], [122920000.0, 0.11706036], [122910000.0, 0.00846496], [122900000.0, 0.18371695], [122890000.0, 0.11181856], [122880000.0, 0.02008138], [122870000.0, 0.01415054], [122860000.0, 0.19974197], [122850000.0, 0.23677127], [122840000.0, 0.0561814]], "asks": [[123310000.0, 0.00040629], [123300000.0, 0.01], [123280000.0, 0.01392115], [123260000.0, 0.22920185], [123200000.0, 0.22265703], [123190000.0, 0.01725181], [123090000.0, 0.02], [123070000.0, 0.175], [123060000.0, 0.10975375], [123050000.0, 0.00841084]]},
{"timestamp": 1743933341752, "bids": [[122930000.0, 0.03918741], [122920000.0, 0.11706036], [122910000.0, 0.00846496], [122900000.0, 0.18371695], [122890000.0, 0.11181856], [122880000.0, 0.02008138], [122870000.0, 0.01415054], [122860000.0, 0.19974197], [122850000.0, 0.23677127], [122840000.0, 0.0561814]], "asks": [[123310000.0, 0.00040629], [123300000.0, 0.01], [123280000.0, 0.01392115], [123260000.0, 0.22920185], [123200000.0, 0.22265703], [123190000.0, 0.03451295], [123090000.0, 0.02], [123070000.0, 0.175], [123060000.0, 0.10975375], [123050000.0, 0.00841084]]},
{"timestamp": 1743933344004, "bids": [[122930000.0, 0.03918741], [122920000.0, 0.00922465], [122910000.0, 0.00846496], [122900000.0, 0.18371695], [122890000.0, 0.11181856], [122880000.0, 0.02008138], [122870000.0, 0.01415054], [122860000.0, 0.19974197], [122850000.0, 0.23677127], [122840000.0, 0.0561814]], "asks": [[123320000.0, 0.21452713], [123310000.0, 0.00040629], [123300000.0, 0.01], [123280000.0, 0.01392115], [123260000.0, 0.22920185], [123200000.0, 0.22265703], [123190000.0, 0.03451295], [123090000.0, 0.02], [123070000.0, 0.175], [123050000.0, 0.00841084]]},
{"timestamp": 1743933344117, "bids": [[122930000.0, 0.03918741], [122920000.0, 0.00922465], [122910000.0, 0.00846496], [122900000.0, 0.18371695], [122890000.0, 0.21965427], [122880000.0, 0.02008138], [122870000.0, 0.01415054], [122860000.0, 0.19974197], [122850000.0, 0.23677127], [122840000.0, 0.0561814]], "asks": [[123320000.0, 0.21452713], [123310000.0, 0.00040629], [123300000.0, 0.01], [123280000.0, 0.01392115], [123260000.0, 0.22920185], [123200000.0, 0.22265703], [123190000.0, 0.03451295], [123090000.0, 0.02], [123070000.0, 0.175], [123050000.0, 0.00841084]]},
{"timestamp": 1743933344364, "bids": [[122930000.0, 0.03918741], [122920000.0, 0.00922465], [122910000.0, 0.00846496], [122900000.0, 0.18371695], [122890000.0, 0.21965427], [122880000.0, 0.02008138], [122870000.0, 0.01415054], [122860000.0, 0.19974197], [122850000.0, 0.23677127], [122840000.0, 0.0561814]], "asks": [[123320000.0, 0.21452713], [123310000.0, 0.00040629], [123300000.0, 0.01], [123280000.0, 0.01392115], [123260000.0, 0.22920185], [123200000.0, 0.22265703], [123190000.0, 0.03451295], [123090000.0, 0.02], [123070000.0, 0.175], [123050000.0, 0.00841084]]},
{"timestamp": 1743933344675, "bids": [[122930000.0, 0.03918741], [122920000.0, 0.00922465], [122910000.0, 0.00846496], [122900000.0, 0.18371695], [122890000.0, 0.21965427], [122880000.0, 0.02008138], [122870000.0, 0.01415054], [122860000.0, 0.19974197], [122850000.0, 0.23677127], [122840000.0, 0.0561814]], "asks": [[123320000.0, 0.21452713], [123310000.0, 0.00040629], [123300000.0, 0.01], [123280000.0, 0.01392115], [123260000.0, 0.22920185], [123200000.0, 0.22265703], [123190000.0, 0.03451295], [123090000.0, 0.02], [123070000.0, 0.175], [123050000.0, 0.00841084]]},
{"timestamp": 1743933344975, "bids": [[122930000.0, 0.03918741], [122920000.0, 0.00922465], [122910000.0, 0.00846496], [122900000.0, 0.18371695], [122890000.0, 0.21965427], [122880000.0, 0.02008138], [122870000.0, 0.01415054], [122860000.0, 0.19974197], [122850000.0, 0.23677127], [122840000.0, 0.0561814]], "asks": [[123320000.0, 0.21452713], [123310000.0, 0.00040629], [123300000.0, 0.01], [123280000.0, 0.01392115], [123260000.0, 0.22920185], [123200000.0, 0.22265703], [123190000.0, 0.03451295], [123090000.0, 0.02], [123070000.0, 0.175], [123050000.0, 0.00841084]]},
