[
,
{"timestamp": 1743933599372, "bids": [[122930000.0, 0.14702312], [122920000.0, 0.01786024], [122910000.0, 0.12020215], [122900000.0, 0.49503799], [122890000.0, 8.137e-05], [122880000.0, 0.02008138], [122870000.0, 0.01415054], [122860000.0, 0.2045176], [122850000.0, 0.0008954], [122840000.0, 0.0200814]], "asks": [[123320000.0, 0.21452713], [123310000.0, 0.00040629], [123300000.0, 0.01], [123280000.0, 0.01392115], [123260000.0, 0.22920185], [123200000.0, 0.22265703], [123190000.0, 0.03346505], [123090000.0, 0.02], [123080000.0, 0.10975375], [123070000.0, 0.87114109]]},
{"timestamp": 1743933599488, "bids": [[122930000.0, 0.14702312], [122920000.0, 0.01786024], [122910000.0, 0.12020215], [122900000.0, 0.49503799], [122890000.0, 8.137e-05], [122880000.0, 0.02008138], [122870000.0, 0.01415054], [122860000.0, 0.2045176], [122850000.0, 0.0008954], [122840000.0, 0.0200814]], "asks": [[123320000.0, 0.21452713], [123310000.0, 0.00040629], [123300000.0, 0.01], [123280000.0, 0.01392115], [123260000.0, 0.22920185], [123200000.0, 0.22265703], [123190000.0, 0.03455365], [123090000.0, 0.02], [123080000.0, 0.10975375], [123070000.0, 0.87114109]]},
{"timestamp": 1743933599675, "bids": [[122930000.0, 0.14702312], [122920000.0, 0.01786024], [122910000.0, 0.12020215], [122900000.0, 0.49503799], [122890000.0, 8.137e-05], [122880000.0, 0.02008138], [122870000.0, 0.01415054], [122860000.0, 0.2045176], [122850000.0, 0.0008954], [122840000.0, 0.0200814]], "asks": [[123320000.0, 0.21452713], [123310000.0, 0.00040629], [123300000.0, 0.01], [123280000.0, 0.01392115], [123260000.0, 0.22920185], [123200000.0, 0.22265703], [123190000.0, 0.03455365], [123090000.0, 0.02], [123080000.0, 0.10975375], [123070000.0, 0.87114109]]},
{"timestamp": 1743933600946, "bids": [[122930000.0, 0.14702312], [122920000.0, 0.01786024], [122910000.0, 0.12020215], [122900000.0, 0.49503799], [122890000.0, 8.137e-05], [122880000.0, 0.02008138], [122870000.0, 0.01415054], [122860000.0, 0.2045176], [122850000.0, 0.0008954], [122840000.0, 0.0200814]], "asks": [[123320000.0, 0.21452713], [123310000.0, 0.00040629], [123300000.0, 0.01], [123280000.0, 0.01392115], [123260000.0, 0.22920185], [123200000.0, 0.22265703], [123190000.0, 0.03455365], [123090000.0, 0.02], [123080000.0, 0.10975375], [123070000.0, 0.87114109]]},
{"timestamp": 1743933601059, "bids": [[122930000.0, 0.14702312], [122920000.0, 0.01786024], [122910000.0, 0.12020215], [122900000.0, 0.49503799], [122890000.0, 8.137e-05], [122880000.0, 0.02008138], [122870000.0, 0.01415054], [122860000.0, 0.2045176], [122850000.0, 0.0008954], [122840000.0, 0.0200814]], "asks": [[123320000.0, 0.21452713], [123310000.0, 0.00040629], [123300000.0, 0.01], [123280000.0, 0.01392115], [123260000.0, 0.22920185], [123200000.0, 0.22265703], [123190000.0, 0.03455365], [123090000.0, 0.02], [123080000.0, 0.10975375], [123070000.0, 0.87114109]]},
{"timestamp": 1743933601355, "bids": [[122930000.0, 0.14702312], [122920000.0, 0.01786024], [122910000.0, 0.12020215], [122900000.0, 0.49503799], [122890000.0, 8.137e-05], [122880000.0, 0.02008138], [122870000.0, 0.01415054], [122860000.0, 0.2045176], [122850000.0, 0.0008954], [122840000.0, 0.0200814]], "asks": [[123320000.0, 0.21452713], [123310000.0, 0.00040629], [123300000.0, 0.01], [123280000.0, 0.01392115], [123260000.0, 0.22920185], [123200000.0, 0.22265703], [123190000.0, 0.03455365], [123090000.0, 0.02], [123080000.0, 0.10975375], [123070000.0, 0.87114109]]},
{"timestamp": 1743933601515, "bids": [[122930000.0, 0.14702312], [122920000.0, 0.01786024], [122910000.0, 0.12020215], [122900000.0, 0.49503799], [122890000.0, 8.137e-05], [122880000.0, 0.02008138], [122870000.0, 0.01415054], [122860000.0, 0.2045176], [122850000.0, 0.0008954], [122840000.0, 0.0200814]], "asks": [[123320000.0, 0.21452713], [123310000.0, 0.00040629], [123300000.0, 0.01], [123280000.0, 0.01392115], [123260000.0, 0.22920185], [123200000.0, 0.22265703], [123190000.0, 0.03455365], [123090000.0, 0.02], [123080000.0, 0.10975375], [123070000.0, 0.87114109]]},
{"timestamp": 1743933601789, "bids": [[122930000.0, 0.14706542], [122920000.0, 0.01786024], [122910000.0, 0.12020215], [122900000.0, 0.49503799], [122890000.0, 8.137e-05], [122880000.0, 0.02008138], [122870000.0, 0.01415054], [122860000.0, 0.2045176], [122850000.0, 0.0008954], [122840000.0, 0.0200814]], "asks": [[123320000.0, 0.21452713], [123310000.0, 0.00040629], [123300000.0, 0.01], [123280000.0, 0.01392115], [123260000.0, 0.22920185], [123200000.0, 0.22265703], [123190000.0, 0.03455365], [123090000.0, 0.02], [123080000.0, 0.10975375], [123070000.0, 0.87114109]]},
{"timestamp": 1743933601948, "bids": [[122930000.0, 0.14706542], [122920000.0, 0.01786024], [122910000.0, 0.12020215], [122900000.0, 0.49503799], [122890000.0, 8.137e-05], [122880000.0, 0.02008138], [122870000.0, 0.01415054], [122860000.0, 0.2045176], [122850000.0, 0.0008954], [122840000.0, 0.0200814]], "asks": [[123320000.0, 0.21452713], [123310000.0, 0.00040629], [123300000.0, 0.01], [123280000.0, 0.01392115], [123260000.0, 0.22920185], [123200000.0, 0.22265703], [123190000.0, 0.03455365], [123090000.0, 0.02], [123080000.0, 0.10975375], [123070000.0, 0.87114109]]},
{"timestamp": 1743933602588, "bids": [[122930000.0, 0.14706542], [122920000.0, 0.01786024], [122910000.0, 0.12020215], [122900000.0, 0.49503799], [122890000.0, 8.137e-05], [122880000.0, 0.02008138], [122870000.0, 0.01415054], [122860000.0, 0.2045176], [122850000.0, 0.0008954], [122840000.0, 0.0200814]], "asks": [[123320000.0, 0.21452713], [123310000.0, 0.00040629], [123300000.0, 0.01], [123280000.0, 0.01392115], [123260000.0, 0.22920185], [123200000.0, 0.22265703], [123190000.0, 0.03455365], [123090000.0, 0.02], [123080000.0, 0.10975375], [123070000.0, 0.87114109]]},
{"timestamp": 1743933602723, "bids": [[122930000.0, 0.14706542], [122920000.0, 0.01786024], [122910000.0, 0.12020215], [122900000.0, 0.49503799], [122890000.0, 8.137e-05], [122880000.0, 0.02008138], [122870000.0, 0.01415054], [122860000.0, 0.2045176], [122850000.0, 0.0008954], [122840000.0, 0.0200814]], "asks": [[123320000.0, 0.21452713], [123310000.0, 0.00040629], [123300000.0, 0.01], [123280000.0, 0.01392115], [123260000.0, 0.22920185], [123200000.0, 0.22265703], [123190000.0, 0.03455365], [123090000.0, 0.02], [123080000.0, 0.10975375], [123070000.0, 0.87114109]]},
{"timestamp": 1743933603144, "bids": [[122930000.0, 0.14706542], [122920000.0, 0.01786024], [122910000.0, 0.12020215], [122900000.0, 0.45893799], [122890000.0, 8.137e-05], [122880000.0, 0.02008138], [122870000.0, 0.01415054], [122860000.0, 0.2045176], [122850000.0, 0.0008954], [122840000.0, 0.0200814]], "asks": [[123320000.0, 0.21452713], [123310000.0, 0.00040629], [123300000.0, 0.01], [123280000.0, 0.01392115], [123260000.0, 0.22920185], [123200000.0, 0.22265703], [123190000.0, 0.03455365], [123090000.0, 0.02], [123080000.0, 0.10975375], [123070000.0, 0.87114109]]},
{"timestamp": 1743933603934, "bids": [[122930000.0, 0.14706542], [122920000.0, 0.01786024], [122910000.0, 0.12020215], [122900000.0, 0.45893799], [122890000.0, 8.137e-05], [122880000.0, 0.05628138], [122870000.0, 0.01415054], [122860000.0, 0.2045176], [122850000.0, 0.0008954], [122840000.0, 0.0200814]], "asks": [[123320000.0, 0.21452713], [123310000.0, 0.00040629], [123300000.0, 0.01], [123280000.0, 0.01392115], [123260000.0, 0.22920185], [123200000.0, 0.22265703], [123190000.0, 0.03455365], [123090000.0, 0.02], [123080000.0, 0.10975375], [123070000.0, 0.87114109]]},
{"timestamp": 1743933604173, "bids": [[122930000.0, 0.14706542], [122920000.0, 0.01786024], [122910000.0, 0.12020215], [122900000.0, 0.45893799], [122890000.0, 8.137e-05], [122880000.0, 0.05628138], [122870000.0, 0.01415054], [122860000.0, 0.2045176], [122850000.0, 0.0008954], [122840000.0, 0.0200814]], "asks": [[123320000.0, 0.21452713], [123310000.0, 0.00040629], [123300000.0, 0.01], [123280000.0, 0.01392115], [123260000.0, 0.22920185], [123200000.0, 0.22265703], [123190000.0, 0.0172512], [123090000.0, 0.02], [123080000.0, 0.12698931], [123070000.0, 0.87114109]]},
{"timestamp": 1743933604364, "bids": [[122930000.0, 0.14706542], [122920000.0, 0.01786024], [122910000.0, 0.12020215], [122900000.0, 0.45893799], [122890000.0, 8.137e-05], [122880000.0, 0.05628138], [122870000.0, 0.01415054], [122860000.0, 0.2045176], [122850000.0, 0.0008954], [122840000.0, 0.0200814]], "asks": [[123320000.0, 0.21452713], [123310000.0, 0.00040629], [123300000.0, 0.01], [123280000.0, 0.01392115], [123260000.0, 0.22920185], [123200000.0, 0.22265703], [123190000.0, 0.0172512], [123090000.0, 0.02], [123080000.0, 0.12698931], [123070000.0, 0.87114109]]},
{"timestamp": 1743933604675, "bids": [[122930000.0, 0.14706542], [122920000.0, 0.01786024], [122910000.0, 0.12020215], [122900000.0, 0.45893799], [122890000.0, 8.137e-05], [122880000.0, 0.05628138], [122870000.0, 0.01415054], [122860000.0, 0.2045176], [122850000.0, 0.0008954], [122840000.0, 0.0200814]], "asks": [[123320000.0, 0.21452713], [123310000.0, 0.00040629], [123300000.0, 0.01], [123280000.0, 0.01392115], [123260000.0, 0.22920185], [123200000.0, 0.22265703], [123190000.0, 0.0172512], [123090000.0, 0.02], [123080000.0, 0.12698931], [123070000.0, 0.87114109]]},
{"timestamp": 1743933604963, "bids": [[122930000.0, 0.14706542], [122920000.0, 0.01786024], [122910000.0, 0.12020215], [122900000.0, 0.45893799], [122890000.0, 8.137e-05], [122880000.0, 0.05628138], [122870000.0, 0.01415054], [122860000.0, 0.2045176], [122850000.0, 0.0008954], [122840000.0, 0.0200814]], "asks": [[123310000.0, 0.00040629], [123300000.0, 0.01], [123280000.0, 0.01392115], [123260000.0, 0.22920185], [123200000.0, 0.22265703], [123190000.0, 0.0172512], [123090000.0, 0.02], [123080000.0, 0.12698931], [123070000.0, 0.87114109], [123050000.0, 0.02841084]]},
{"timestamp": 1743933605085, "bids": [[122930000.0, 0.14706542], [122920000.0, 0.01786024], [122910000.0, 0.12020215], [122900000.0, 0.45893799], [122890000.0, 8.137e-05], [122880000.0, 0.05628138], [122870000.0, 0.01415054], [122860000.0, 0.2045176], [122850000.0, 0.0008954], [122840000.0, 0.0200814]], "asks": [[123310000.0, 0.00040629], [123300000.0, 0.01], [123280000.0, 0.01392115], [123260000.0, 0.22920185], [123200000.0, 0.22265703], [123190000.0, 0.0172512], [123090000.0, 0.02], [123080000.0, 0.12698931], [123070000.0, 0.87114109], [123050000.0, 0.02841084]]},
{"timestamp": 1743933607181, "bids": [[122930000.0, 0.14706542], [122920000.0, 0.01786024], [122910000.0, 0.12020215], [122900000.0, 0.45893799], [122890000.0, 8.137e-05], [122880000.0, 0.05628138], [122870000.0, 0.01415054], [122860000.0, 0.2045176], [122850000.0, 0.0008954], [122840000.0, 0.0200814]], "asks": [[123320000.0, 0.21452713], [123310000.0, 0.00040629], [123300000.0, 0.01], [123280000.0, 0.01392115], [123260000.0, 0.22920185], [123200000.0, 0.22265703], [123190000.0, 0.0172512], [123090000.0, 0.02], [123080000.0, 0.12698931], [123070000.0, 0.87114109]]},
{"timestamp": 1743933607362, "bids": [[122930000.0, 0.14706542], [122920000.0, 0.01786024], [122910000.0, 0.12020215], [122900000.0, 0.45893799], [122890000.0, 8.137e-05], [122880000.0, 0.05628138], [122870000.0, 0.01415054], [122860000.0, 0.2045176], [122850000.0, 0.0008954], [122840000.0, 0.0200814]], "asks": [[123320000.0, 0.21452713], [123310000.0, 0.00040629], [123300000.0, 0.01], [123280000.0, 0.01392115], [123260000.0, 0.22920185], [123200000.0, 0.22265703], [123190000.0, 0.0172512], [123090000.0, 0.02], [123080000.0, 0.12698931], [123070000.0, 0.87114109]]},
{"timestamp": 1743933608236, "bids": [[122930000.0, 0.14706542], [122920000.0, 0.01786024], [122910000.0, 0.12020215], [122900000.0, 0.45893799], [122890000.0, 8.137e-05], [122880000.0, 0.05628138], [122870000.0, 0.01415054], [122860000.0, 0.2045176], [122850000.0, 0.0008954], [122840000.0, 0.0200814]], "asks": [[123320000.0, 0.21452713], [123310000.0, 0.00040629], [123300000.0, 0.01], [123280000.0, 0.01392115], [123260000.0, 0.22920185], [123200000.0, 0.22265703], [123190000.0, 0.0172512], [123090000.0, 0.02], [123080000.0, 0.12698931], [123070000.0, 0.87114109]]},
{"timestamp": 1743933608386, "bids": [[122930000.0, 0.14706542], [122920000.0, 0.01786024], [122910000.0, 0.12020215], [122900000.0, 0.45893799], [122890000.0, 8.137e-05], [122880000.0, 0.05628138], [122870000.0, 0.01415054], [122860000.0, 0.2045176], [122850000.0, 0.0008954], [122840000.0, 0.0200814]], "asks": [[123320000.0, 0.21452713], [123310000.0, 0.00040629], [123300000.0, 0.01], [123280000.0, 0.01392115], [123260000.0, 0.22920185], [123200000.0, 0.22265703], [123190000.0, 0.0172512], [123090000.0, 0.02], [123080000.0, 0.12698931], [123070000.0, 0.87114109]]},
{"timestamp": 1743933608569, "bids": [[122930000.0, 0.14706542], [122920000.0, 0.01786024], [122910000.0, 0.12020215], [122900000.0, 0.45893799], [122890000.0, 8.137e-05], [122880000.0, 0.05628138], [122870000.0, 0.01415054], [122860000.0, 0.2045176], [122850000.0, 0.0008954], [122840000.0, 0.0200814]], "asks": [[123320000.0, 0.21452713], [123310000.0, 0.00040629], [123300000.0, 0.01], [123280000.0, 0.01392115], [123260000.0, 0.22920185], [123200000.0, 0.22265703], [123190000.0, 0.0172512], [123090000.0, 0.02], [123080000.0, 0.12698931], [123070000.0, 0.175]]},
{"timestamp": 1743933608685, "bids": [[122930000.0, 0.14706542], [122920000.0, 0.01786024], [122910000.0, 0.12020215], [122900000.0, 0.45893799], [122890000.0, 8.137e-05], [122880000.0, 0.05628138], [122870000.0, 0.01415054], [122860000.0, 0.2045176], [122850000.0, 0.0008954], [122840000.0, 0.0200814]], "asks": [[123320000.0, 0.21452713], [123310000.0, 0.00040629], [123300000.0, 0.01], [123280000.0, 0.01392115], [123260000.0, 0.22920185], [123200000.0, 0.22265703], [123190000.0, 0.0172512], [123090000.0, 0.02], [123080000.0, 0.82154971], [123070000.0, 0.175]]},
{"timestamp": 1743933609373, "bids": [[122930000.0, 0.14706542], [122920000.0, 0.01786024], [122910000.0, 0.12020215], [122900000.0, 0.45893799], [122890000.0, 8.137e-05], [122880000.0, 0.05628138], [122870000.0, 0.01415054], [122860000.0, 0.2045176], [122850000.0, 0.0008954], [122840000.0, 0.0200814]], "asks": [[123320000.0, 0.21452713], [123310000.0, 0.00040629], [123300000.0, 0.01], [123280000.0, 0.01392115], [123260000.0, 0.22920185], [123200000.0, 0.22265703], [123190000.0, 0.0172512], [123090000.0, 0.02], [123080000.0, 0.82154971], [123070000.0, 0.175]]},
{"timestamp": 1743933609678, "bids": [[122930000.0, 0.14706542], [122920000.0, 0.01786024], [122910000.0, 0.12020215], [122900000.0, 0.45893799], [122890000.0, 8.137e-05], [122880000.0, 0.05628138], [122870000.0, 0.01415054], [122860000.0, 0.2045176], [122850000.0, 0.0008954], [122840000.0, 0.0200814]], "asks": [[123320000.0, 0.21452713], [123310000.0, 0.00040629], [123300000.0, 0.01], [123280000.0, 0.01392115], [123260000.0, 0.22920185], [123200000.0, 0.22265703], [123190000.0, 0.0172512], [123090000.0, 0.02], [123080000.0, 0.82154971], [123070000.0, 0.175]]},
{"timestamp": 1743933610224, "bids": [[122930000.0, 0.14706542], [122920000.0, 0.01786024], [122910000.0, 0.12020215], [122900000.0, 0.17508136], [122890000.0, 8.137e-05], [122880000.0, 0.02008138], [122870000.0, 0.01415054], [122860000.0, 0.2045176], [122850000.0, 0.0008954], [122840000.0, 0.0200814]], "asks": [[123340000.0, 0.00362153], [123320000.0, 0.21452713], [123310000.0, 0.00040629], [123300000.0, 0.01], [123280000.0, 0.01392115], [123260000.0, 0.22920185], [123200000.0, 0.22265703], [123190000.0, 0.0172512], [123080000.0, 0.82154971], [123070000.0, 0.175]]},
{"timestamp": 1743933610361, "bids": [[122930000.0, 0.14706542], [122920000.0, 0.01786024], [122910000.0, 0.12020215], [122900000.0, 0.17508136], [122890000.0, 0.27427343], [122880000.0, 0.02008138], [122870000.0, 0.05025054], [122860000.0, 0.2045176], [122850000.0, 0.0008954], [122840000.0, 0.0200814]], "asks": [[123340000.0, 0.00362153], [123320000.0, 0.21452713], [123310000.0, 0.00040629], [123300000.0, 0.01], [123280000.0, 0.01392115], [123260000.0, 0.22920185], [123200000.0, 0.22265703], [123190000.0, 0.0172512], [123080000.0, 0.82154971], [123070000.0, 0.175]]},
{"timestamp": 1743933611876, "bids": [[122930000.0, 0.11706542], [122920000.0, 0.00922465], [122910000.0, 0.12020215], [122900000.0, 0.17508136], [122890000.0, 0.27427343], [122880000.0, 0.02008138], [122870000.0, 0.01415054], [122860000.0, 0.2045176], [122850000.0, 0.0008954], [122840000.0, 0.0200814]], "asks": [[123340000.0, 0.00362153], [123320000.0, 0.21452713], [123310000.0, 0.00040629], [123300000.0, 0.01], [123280000.0, 0.01392115], [123260000.0, 0.22920185], [123200000.0, 0.22265703], [123190000.0, 0.0172512], [123080000.0, 0.82154971], [123070000.0, 0.175]]},
{"timestamp": 1743933612388, "bids": [[122930000.0, 0.11706542], [122920000.0, 0.00922465], [122910000.0, 0.12020215], [122900000.0, 0.17508136], [122890000.0, 0.27427343], [122880000.0, 0.02008138], [122870000.0, 0.01415054], [122860000.0, 0.2406176], [122850000.0, 0.0008954], [122840000.0, 0.0200814]], "asks": [[123340000.0, 0.00362153], [123320000.0, 0.21452713], [123310000.0, 0.00040629], [123300000.0, 0.01], [123280000.0, 0.01392115], [123260000.0, 0.22920185], [123200000.0, 0.22265703], [123190000.0, 0.0172512], [123080000.0, 0.82154971], [123070000.0, 0.175]]},
{"timestamp": 1743933612553, "bids": [[122930000.0, 0.11706542], [122920000.0, 0.00922465], [122910000.0, 0.12020215], [122900000.0, 0.17508136], [122890000.0, 0.27427343], [122880000.0, 0.02008138], [122870000.0, 0.01415054], [122860000.0, 0.2406176], [122850000.0, 0.0008954], [122840000.0, 0.0200814]], "asks": [[123340000.0, 0.00362153], [123320000.0, 0.21452713], [123310000.0, 0.00040629], [123300000.0, 0.01], [123280000.0, 0.01392115], [123260000.0, 0.22920185], [123200000.0, 0.22265703], [123190000.0, 0.0172512], [123080000.0, 0.82154971], [123070000.0, 0.175]]},
{"timestamp": 1743933612810, "bids": [[122930000.0, 0.11706542], [122920000.0, 0.00922465], [122910000.0, 0.12020215], [122900000.0, 8.136e-05], [122890000.0, 8.137e-05], [122880000.0, 0.19508138], [122870000.0, 0.01415054], [122860000.0, 0.0656176], [122850000.0, 0.0008954], [122840000.0, 8.14e-05]], "asks": [[123340000.0, 0.00362153], [123320000.0, 0.21452713], [123310000.0, 0.00040629], [123300000.0, 0.01], [123280000.0, 0.01392115], [123260000.0, 0.22920185], [123200000.0, 0.22265703], [123190000.0, 0.0172512], [123080000.0, 0.82154971], [123070000.0, 0.175]]},
{"timestamp": 1743933612953, "bids": [[122930000.0, 0.11706542], [122920000.0, 0.00922465], [122910000.0, 0.00846496], [122900000.0, 8.136e-05], [122890000.0, 8.137e-05], [122880000.0, 0.46929576], [122870000.0, 0.01415054], [122860000.0, 0.0656176], [122850000.0, 0.0008954], [122840000.0, 8.14e-05]], "asks": [[123340000.0, 0.00362153], [123320000.0, 0.21452713], [123310000.0, 0.00040629], [123300000.0, 0.01], [123280000.0, 0.01392115], [123260000.0, 0.22920185], [123200000.0, 0.22265703], [123190000.0, 0.0172512], [123080000.0, 0.71179596], [123070000.0, 0.175]]},
{"timestamp": 1743933613055, "bids": [[122930000.0, 0.00922971], [122920000.0, 0.00922465], [122910000.0, 0.00846496], [122900000.0, 8.136e-05], [122890000.0, 8.137e-05], [122880000.0, 0.46929576], [122870000.0, 0.12588773], [122860000.0, 0.0656176], [122850000.0, 0.0008954], [122840000.0, 8.14e-05]], "asks": [[123340000.0, 0.00362153], [123320000.0, 0.21452713], [123310000.0, 0.00040629], [123300000.0, 0.01], [123280000.0, 0.01392115], [123260000.0, 0.22920185], [123200000.0, 0.22265703], [123190000.0, 0.0172512], [123080000.0, 0.71179596], [123070000.0, 0.175]]},
{"timestamp": 1743933613161, "bids": [[122930000.0, 0.00922971], [122920000.0, 0.00922465], [122910000.0, 8.136e-05], [122900000.0, 0.10791707], [122890000.0, 0.00886679], [122880000.0, 0.46929576], [122870000.0, 0.12588773], [122860000.0, 0.0656176], [122850000.0, 0.0008954], [122840000.0, 8.14e-05]], "asks": [[123320000.0, 0.21452713], [123310000.0, 0.00040629], [123300000.0, 0.01], [123280000.0, 0.01392115], [123260000.0, 0.22920185], [123200000.0, 0.22265703], [123190000.0, 0.0172512], [123080000.0, 0.71179596], [123070000.0, 0.175], [123060000.0, 0.10975375]]},
{"timestamp": 1743933613510, "bids": [[122930000.0, 0.00922971], [122920000.0, 0.00922465], [122910000.0, 0.03008136], [122900000.0, 0.10791707], [122890000.0, 0.00886679], [122880000.0, 0.46929576], [122870000.0, 0.12588773], [122860000.0, 0.0656176], [122850000.0, 0.0008954], [122840000.0, 8.14e-05]], "asks": [[123320000.0, 0.21452713], [123310000.0, 0.00040629], [123300000.0, 0.01], [123280000.0, 0.01392115], [123260000.0, 0.22920185], [123200000.0, 0.22265703], [123190000.0, 0.0172512], [123080000.0, 0.71179596], [123070000.0, 0.175], [123060000.0, 0.10975375]]},
{"timestamp": 1743933613825, "bids": [[122930000.0, 0.00922971], [122920000.0, 0.00922465], [122910000.0, 0.03008136], [122900000.0, 0.10791707], [122890000.0, 0.00886679], [122880000.0, 0.46929576], [122870000.0, 0.12588773], [122860000.0, 0.0656176], [122850000.0, 0.0008954], [122840000.0, 8.14e-05]], "asks": [[123320000.0, 0.21452713], [123310000.0, 0.00040629], [123300000.0, 0.01], [123280000.0, 0.01392115], [123260000.0, 0.22920185], [123200000.0, 0.22265703], [123190000.0, 0.0172512], [123080000.0, 0.71179596], [123070000.0, 0.175], [123060000.0, 0.10975375]]},
{"timestamp": 1743933613949, "bids": [[122930000.0, 0.00922971], [122920000.0, 0.00922465], [122910000.0, 0.03008136], [122900000.0, 0.10791707], [122890000.0, 0.00886679], [122880000.0, 0.46929576], [122870000.0, 0.12588773], [122860000.0, 0.0656176], [122850000.0, 0.0008954], [122840000.0, 8.14e-05]], "asks": [[123310000.0, 0.00040629], [123300000.0, 0.01], [123280000.0, 0.01392115], [123260000.0, 0.22920185], [123200000.0, 0.22265703], [123190000.0, 0.0172512], [123080000.0, 0.71179596], [123070000.0, 0.175], [123060000.0, 0.10975375], [123050000.0, 0.02]]},
{"timestamp": 1743933614369, "bids": [[122930000.0, 0.00922971], [122920000.0, 0.00922465], [122910000.0, 0.03008136], [122900000.0, 0.10791707], [122890000.0, 0.00886679], [122880000.0, 0.46929576], [122870000.0, 0.12588773], [122860000.0, 0.0656176], [122850000.0, 0.0008954], [122840000.0, 8.14e-05]], "asks": [[123310000.0, 0.00040629], [123300000.0, 0.01], [123280000.0, 0.01392115], [123260000.0, 0.22920185], [123200000.0, 0.22265703], [123190000.0, 0.0172512], [123080000.0, 0.71179596], [123070000.0, 0.175], [123060000.0, 0.10975375], [123050000.0, 0.02]]},
{"timestamp": 1743933614582, "bids": [[122930000.0, 0.00922971], [122920000.0, 0.00922465], [122910000.0, 0.03008136], [122900000.0, 0.10791707], [122890000.0, 0.00886679], [122880000.0, 0.46929576], [122870000.0, 0.12588773], [122860000.0, 0.0656176], [122850000.0, 0.0008954], [122840000.0, 8.14e-05]], "asks": [[123310000.0, 0.00040629], [123300000.0, 0.01], [123280000.0, 0.01392115], [123260000.0, 0.22920185], [123200000.0, 0.22265703], [123190000.0, 0.0172512], [123080000.0, 0.71179596], [123070000.0, 0.175], [123060000.0, 0.10975375], [123050000.0, 0.02]]},
{"timestamp": 1743933618596, "bids": [[122930000.0, 0.00922971], [122920000.0, 0.00922465], [122910000.0, 0.03008136], [122900000.0, 0.10791707], [122890000.0, 0.00886679], [122880000.0, 0.46929576], [122870000.0, 0.12588773], [122860000.0, 0.0295176], [122850000.0, 0.0008954], [122840000.0, 8.14e-05]], "asks": [[123310000.0, 0.00040629], [123300000.0, 0.01], [123280000.0, 0.01392115], [123260000.0, 0.22920185], [123200000.0, 0.22265703], [123190000.0, 0.0172512], [123080000.0, 0.71179596], [123070000.0, 0.175], [123060000.0, 0.10975375], [123050000.0, 0.02]]},
{"timestamp": 1743933618720, "bids": [[122930000.0, 0.00922971], [122920000.0, 0.00922465], [122910000.0, 0.03008136], [122900000.0, 0.10791707], [122890000.0, 0.00886679], [122880000.0, 8.138e-05], [122870000.0, 0.12588773], [122860000.0, 0.0295176], [122850000.0, 0.1758954], [122840000.0, 0.0200814]], "asks": [[123320000.0, 0.21452713], [123310000.0, 0.00040629], [123300000.0, 0.01], [123280000.0, 0.01392115], [123260000.0, 0.22920185], [123200000.0, 0.22265703], [123190000.0, 0.0172512], [123080000.0, 0.71179596], [123060000.0, 0.10975375], [123050000.0, 0.02]]},
{"timestamp": 1743933618833, "bids": [[122930000.0, 0.00922971], [122920000.0, 0.00922465], [122910000.0, 0.03008136], [122900000.0, 0.10791707], [122890000.0, 0.00886679], [122880000.0, 8.138e-05], [122870000.0, 0.12588773], [122860000.0, 0.0295176], [122850000.0, 0.1758954], [122840000.0, 0.0200814]], "asks": [[123320000.0, 0.21452713], [123310000.0, 0.00040629], [123300000.0, 0.01], [123280000.0, 0.01392115], [123260000.0, 0.22920185], [123200000.0, 0.22265703], [123190000.0, 0.0172512], [123080000.0, 0.71179596], [123060000.0, 0.10975375], [123050000.0, 0.02]]},
{"timestamp": 1743933618982, "bids": [[122930000.0, 0.00922971], [122920000.0, 0.00922465], [122910000.0, 0.03008136], [122900000.0, 0.10791707], [122890000.0, 0.00886679], [122880000.0, 8.138e-05], [122870000.0, 0.12588773], [122860000.0, 0.0295176], [122850000.0, 0.1758954], [122840000.0, 0.0501814]], "asks": [[123310000.0, 0.00040629], [123300000.0, 0.01], [123280000.0, 0.01392115], [123260000.0, 0.22920185], [123200000.0, 0.22265703], [123190000.0, 0.0172512], [123080000.0, 0.71179596], [123060000.0, 0.10975375], [123050000.0, 0.02], [123040000.0, 0.01227024]]},
{"timestamp": 1743933619109, "bids": [[122930000.0, 0.00922971], [122920000.0, 0.00922465], [122910000.0, 0.03008136], [122900000.0, 0.10791707], [122890000.0, 0.00886679], [122880000.0, 8.138e-05], [122870000.0, 0.12588773], [122860000.0, 0.0295176], [122850000.0, 0.45017674], [122840000.0, 0.0200814]], "asks": [[123310000.0, 0.00040629], [123300000.0, 0.01], [123280000.0, 0.01392115], [123260000.0, 0.22920185], [123200000.0, 0.22265703], [123190000.0, 0.0172512], [123080000.0, 0.71179596], [123060000.0, 0.10975375], [123050000.0, 0.02], [123040000.0, 0.01227024]]},
{"timestamp": 1743933619386, "bids": [[122930000.0, 0.00922971], [122920000.0, 0.00922465], [122910000.0, 0.03008136], [122900000.0, 0.10791707], [122890000.0, 0.00886679], [122880000.0, 8.138e-05], [122870000.0, 0.12588773], [122860000.0, 0.0295176], [122850000.0, 0.45017674], [122840000.0, 0.0200814]], "asks": [[123310000.0, 0.00040629], [123300000.0, 0.01], [123280000.0, 0.01392115], [123260000.0, 0.22920185], [123200000.0, 0.22265703], [123190000.0, 0.0172512], [123080000.0, 0.71179596], [123060000.0, 0.10975375], [123050000.0, 0.02], [123040000.0, 0.01227024]]},
{"timestamp": 1743933619502, "bids": [[122930000.0, 0.00922971], [122920000.0, 0.00922465], [122910000.0, 0.03008136], [122900000.0, 0.10791707], [122890000.0, 0.00886679], [122880000.0, 8.138e-05], [122870000.0, 0.12588773], [122860000.0, 0.0295176], [122850000.0, 0.45017674], [122840000.0, 0.0200814]], "asks": [[123310000.0, 0.00040629], [123300000.0, 0.01], [123280000.0, 0.01392115], [123260000.0, 0.22920185], [123200000.0, 0.22265703], [123190000.0, 0.0172512], [123080000.0, 0.71179596], [123060000.0, 0.10975375], [123050000.0, 0.02], [123040000.0, 0.01227024]]},
{"timestamp": 1743933619687, "bids": [[122930000.0, 0.00922971], [122920000.0, 0.00922465], [122910000.0, 0.03008136], [122900000.0, 0.10791707], [122890000.0, 0.00886679], [122880000.0, 8.138e-05], [122870000.0, 0.12588773], [122860000.0, 0.0295176], [122850000.0, 0.45017674], [122840000.0, 0.0200814]], "asks": [[123310000.0, 0.00040629], [123300000.0, 0.01], [123280000.0, 0.01392115], [123260000.0, 0.22920185], [123200000.0, 0.22265703], [123190000.0, 0.0172512], [123080000.0, 0.71179596], [123060000.0, 0.10975375], [123050000.0, 0.02], [123040000.0, 0.01227024]]},
{"timestamp": 1743933619888, "bids": [[122930000.0, 0.00922971], [122920000.0, 0.00922465], [122910000.0, 0.03008136], [122900000.0, 0.10791707], [122890000.0, 0.00886679], [122880000.0, 8.138e-05], [122870000.0, 0.12588773], [122860000.0, 0.0295176], [122850000.0, 0.45017674], [122840000.0, 0.0200814]], "asks": [[123310000.0, 0.00040629], [123300000.0, 0.01], [123280000.0, 0.01392115], [123260000.0, 0.22920185], [123200000.0, 0.22265703], [123190000.0, 0.0172512], [123080000.0, 0.71179596], [123060000.0, 0.10975375], [123050000.0, 0.02], [123040000.0, 0.01227024]]},
{"timestamp": 1743933620513, "bids": [[122930000.0, 0.00922971], [122920000.0, 0.00922465], [122910000.0, 0.03008136], [122900000.0, 0.10791707], [122890000.0, 0.00886679], [122880000.0, 8.138e-05], [122870000.0, 0.12588773], [122860000.0, 0.0295176], [122850000.0, 0.45017674], [122840000.0, 0.0200814]], "asks": [[123310000.0, 0.00040629], [123300000.0, 0.01], [123280000.0, 0.01392115], [123260000.0, 0.22920185], [123200000.0, 0.22265703], [123190000.0, 0.0172512], [123080000.0, 0.71179596], [123060000.0, 0.10975375], [123050000.0, 0.02], [123040000.0, 0.01227024]]},
{"timestamp": 1743933620634, "bids": [[122930000.0, 0.00922971], [122920000.0, 0.00922465], [122910000.0, 0.03008136], [122900000.0, 0.10791707], [122890000.0, 0.00886679], [122880000.0, 8.138e-05], [122870000.0, 0.12588773], [122860000.0, 0.0295176], [122850000.0, 0.45017674], [122840000.0, 0.0200814]], "asks": [[123310000.0, 0.00040629], [123300000.0, 0.01], [123280000.0, 0.01392115], [123260000.0, 0.22920185], [123200000.0, 0.22265703], [123190000.0, 0.0172512], [123080000.0, 0.71179596], [123060000.0, 0.10975375], [123050000.0, 0.02], [123040000.0, 0.01227024]]},
{"timestamp": 1743933624244, "bids": [[122930000.0, 0.00922971], [122920000.0, 0.00922465], [122910000.0, 0.03008136], [122900000.0, 0.10791707], [122890000.0, 0.00886679], [122880000.0, 8.138e-05], [122870000.0, 0.12588773], [122860000.0, 0.0295176], [122850000.0, 0.45017674], [122840000.0, 0.0200814]], "asks": [[123310000.0, 0.00040629], [123300000.0, 0.01], [123280000.0, 0.01392115], [123260000.0, 0.22920185], [123200000.0, 0.22265703], [123190000.0, 0.0172512], [123080000.0, 0.71179596], [123060000.0, 0.10975375], [123050000.0, 0.02], [123040000.0, 0.01227024]]},
{"timestamp": 1743933624372, "bids": [[122930000.0, 0.00922971], [122920000.0, 0.00922465], [122910000.0, 0.03008136], [122900000.0, 0.10791707], [122890000.0, 0.00886679], [122880000.0, 8.138e-05], [122870000.0, 0.12588773], [122860000.0, 0.0295176], [122850000.0, 0.45017674], [122840000.0, 0.0200814]], "asks": [[123310000.0, 0.00040629], [123300000.0, 0.01], [123280000.0, 0.01392115], [123260000.0, 0.22920185], [123200000.0, 0.22265703], [123190000.0, 0.0172512], [123080000.0, 0.71179596], [123060000.0, 0.10975375], [123050000.0, 0.02], [123040000.0, 0.01227024]]},
{"timestamp": 1743933624675, "bids": [[122930000.0, 0.00922971], [122920000.0, 0.00922465], [122910000.0, 0.03008136], [122900000.0, 0.10791707], [122890000.0, 0.00886679], [122880000.0, 8.138e-05], [122870000.0, 0.12588773], [122860000.0, 0.0295176], [122850000.0, 0.45017674], [122840000.0, 0.0200814]], "asks": [[123310000.0, 0.00040629], [123300000.0, 0.01], [123280000.0, 0.01392115], [123260000.0, 0.22920185], [123200000.0, 0.22265703], [123190000.0, 0.0172512], [123080000.0, 0.71179596], [123060000.0, 0.10975375], [123050000.0, 0.02], [123040000.0, 0.01227024]]},
{"timestamp": 1743933625394, "bids": [[122930000.0, 0.00922971], [122920000.0, 0.00922465], [122910000.0, 0.03008136], [122900000.0, 0.10791707], [122890000.0, 0.00886679], [122880000.0, 8.138e-05], [122870000.0, 0.12588773], [122860000.0, 0.0295176], [122850000.0, 0.45017674], [122840000.0, 0.0200814]], "asks": [[123310000.0, 0.00040629], [123300000.0, 0.01], [123280000.0, 0.01392115], [123260000.0, 0.22920185], [123200000.0, 0.22265703], [123190000.0, 0.0172512], [123080000.0, 0.71179596], [123060000.0, 0.10975375], [123050000.0, 0.02], [123040000.0, 0.01227024]]},
{"timestamp": 1743933626630, "bids": [[122930000.0, 0.00922971], [122920000.0, 0.00922465], [122910000.0, 0.03008136], [122900000.0, 0.10791707], [122890000.0, 0.00886679], [122880000.0, 8.138e-05], [122870000.0, 0.12588773], [122860000.0, 0.0295176], [122850000.0, 0.45017674], [122840000.0, 0.0200814]], "asks": [[123310000.0, 0.00040629], [123300000.0, 0.01], [123280000.0, 0.01392115], [123260000.0, 0.22920185], [123200000.0, 0.22265703], [123190000.0, 0.0172512], [123080000.0, 0.71179596], [123060000.0, 0.10975375], [123050000.0, 0.02], [123040000.0, 0.01227024]]},
{"timestamp": 1743933627645, "bids": [[122930000.0, 0.00922971], [122920000.0, 0.00922465], [122910000.0, 0.03008136], [122900000.0, 0.10791707], [122890000.0, 0.00886679], [122880000.0, 8.138e-05], [122870000.0, 0.12588773], [122860000.0, 0.0295176], [122850000.0, 0.45017674], [122840000.0, 0.0200814]], "asks": [[123310000.0, 0.00040629], [123300000.0, 0.01], [123280000.0, 0.01392115], [123260000.0, 0.22920185], [123200000.0, 0.22265703], [123190000.0, 0.0172512], [123080000.0, 0.71179596], [123060000.0, 0.10975375], [123050000.0, 0.02], [123040000.0, 0.01227024]]},
{"timestamp": 1743933628419, "bids": [[122930000.0, 0.00922971], [122920000.0, 0.00922465], [122910000.0, 0.03008136], [122900000.0, 0.10791707], [122890000.0, 0.00886679], [122880000.0, 8.138e-05], [122870000.0, 0.12588773], [122860000.0, 0.0295176], [122850000.0, 0.45017674], [122840000.0, 0.0200814]], "asks": [[123310000.0, 0.00040629], [123300000.0, 0.01], [123280000.0, 0.01392115], [123260000.0, 0.22920185], [123200000.0, 0.22265703], [123190000.0, 0.0172512], [123080000.0, 0.71179596], [123060000.0, 0.10975375], [123050000.0, 0.02], [123040000.0, 0.01227024]]},
{"timestamp": 1743933629098, "bids": [[122930000.0, 0.00922971], [122920000.0, 0.00922465], [122910000.0, 0.03008136], [122900000.0, 0.10791707], [122890000.0, 0.00886679], [122880000.0, 0.02008138], [122870000.0, 0.30088773], [122860000.0, 0.0295176], [122850000.0, 0.45017674], [122840000.0, 0.0200814]], "asks": [[123320000.0, 0.21452713], [123310000.0, 0.00040629], [123300000.0, 0.01], [123280000.0, 0.01392115], [123260000.0, 0.22920185], [123200000.0, 0.22265703], [123190000.0, 0.0172512], [123080000.0, 0.01723556], [123060000.0, 0.10975375], [123050000.0, 0.02]]},
{"timestamp": 1743933629205, "bids": [[122930000.0, 0.00922971], [122920000.0, 0.00922465], [122910000.0, 0.03008136], [122900000.0, 0.10791707], [122890000.0, 0.00886679], [122880000.0, 0.02008138], [122870000.0, 0.30088773], [122860000.0, 0.0295176], [122850000.0, 0.45017674], [122840000.0, 0.0501814]], "asks": [[123340000.0, 0.00362153], [123320000.0, 0.21452713], [123310000.0, 0.00040629], [123300000.0, 0.01], [123280000.0, 0.01392115], [123260000.0, 0.22920185], [123200000.0, 0.22265703], [123190000.0, 0.0172512], [123080000.0, 0.01723556], [123060000.0, 0.10975375]]},
{"timestamp": 1743933629371, "bids": [[122930000.0, 0.00922971], [122920000.0, 0.00922465], [122910000.0, 0.03008136], [122900000.0, 0.1161236], [122890000.0, 0.00886679], [122880000.0, 0.02008138], [122870000.0, 0.30088773], [122860000.0, 0.0295176], [122850000.0, 0.45017674], [122840000.0, 0.0501814]], "asks": [[123320000.0, 0.21452713], [123310000.0, 0.00040629], [123300000.0, 0.01], [123280000.0, 0.01392115], [123260000.0, 0.22920185], [123200000.0, 0.22265703], [123190000.0, 0.0172512], [123080000.0, 0.01723556], [123060000.0, 0.10975375], [123050000.0, 0.02]]},
{"timestamp": 1743933629678, "bids": [[122930000.0, 0.00922971], [122920000.0, 0.00922465], [122910000.0, 0.03008136], [122900000.0, 0.1161236], [122890000.0, 0.00886679], [122880000.0, 0.02008138], [122870000.0, 0.30088773], [122860000.0, 0.0295176], [122850000.0, 0.45017674], [122840000.0, 0.0501814]], "asks": [[123320000.0, 0.21452713], [123310000.0, 0.00040629], [123300000.0, 0.01], [123280000.0, 0.01392115], [123260000.0, 0.22920185], [123200000.0, 0.22265703], [123190000.0, 0.0172512], [123080000.0, 0.01723556], [123060000.0, 0.10975375], [123050000.0, 0.02]]},
{"timestamp": 1743933630099, "bids": [[122930000.0, 0.00922971], [122920000.0, 0.00922465], [122910000.0, 0.03008136], [122900000.0, 0.1161236], [122890000.0, 0.00886679], [122880000.0, 0.02008138], [122870000.0, 0.30088773], [122860000.0, 0.0295176], [122850000.0, 0.45017674], [122840000.0, 0.0501814]], "asks": [[123320000.0, 0.21452713], [123310000.0, 0.00040629], [123300000.0, 0.01], [123280000.0, 0.01392115], [123260000.0, 0.22920185], [123200000.0, 0.22265703], [123190000.0, 0.0172512], [123080000.0, 0.01723556], [123060000.0, 0.10975375], [123050000.0, 0.195]]},
{"timestamp": 1743933631086, "bids": [[122930000.0, 0.00922971], [122920000.0, 0.00922465], [122910000.0, 0.03008136], [122900000.0, 0.1161236], [122890000.0, 0.00886679], [122880000.0, 0.02008138], [122870000.0, 0.30088773], [122860000.0, 0.0295176], [122850000.0, 0.45017674], [122840000.0, 0.0501814]], "asks": [[123320000.0, 0.21452713], [123310000.0, 0.00040629], [123300000.0, 0.01], [123280000.0, 0.01392115], [123260000.0, 0.22920185], [123200000.0, 0.22265703], [123190000.0, 0.0172512], [123080000.0, 0.01723556], [123060000.0, 0.10975375], [123050000.0, 0.195]]},
{"timestamp": 1743933631260, "bids": [[122930000.0, 0.00922971], [122920000.0, 0.00922465], [122910000.0, 0.03008136], [122900000.0, 0.1161236], [122890000.0, 0.00886679], [122880000.0, 0.02008138], [122870000.0, 0.30088773], [122860000.0, 0.0295176], [122850000.0, 0.48027674], [122840000.0, 0.0200814]], "asks": [[123320000.0, 0.21452713], [123310000.0, 0.00040629], [123300000.0, 0.01], [123280000.0, 0.01392115], [123260000.0, 0.22920185], [123200000.0, 0.22265703], [123190000.0, 0.0172512], [123080000.0, 0.01723556], [123060000.0, 0.10975375], [123050000.0, 0.195]]},
{"timestamp": 1743933632839, "bids": [[122930000.0, 0.00922971], [122920000.0, 0.00922465], [122910000.0, 0.03008136], [122900000.0, 0.1161236], [122890000.0, 0.00886679], [122880000.0, 0.02008138], [122870000.0, 0.30088773], [122860000.0, 0.0295176], [122850000.0, 0.48027674], [122840000.0, 0.0200814]], "asks": [[123310000.0, 0.00040629], [123300000.0, 0.01], [123280000.0, 0.01392115], [123260000.0, 0.22920185], [123200000.0, 0.22265703], [123190000.0, 0.0172512], [123090000.0, 0.02], [123080000.0, 0.01723556], [123060000.0, 0.10975375], [123050000.0, 0.86855277]]},
{"timestamp": 1743933633116, "bids": [[122930000.0, 0.00922971], [122920000.0, 0.00922465], [122910000.0, 0.03008136], [122900000.0, 0.1161236], [122890000.0, 0.00886679], [122880000.0, 0.02008138], [122870000.0, 0.30088773], [122860000.0, 0.0295176], [122850000.0, 0.48027674], [122840000.0, 0.0200814]], "asks": [[123310000.0, 0.00040629], [123300000.0, 0.01], [123280000.0, 0.01392115], [123260000.0, 0.22920185], [123200000.0, 0.22265703], [123190000.0, 9.95e-05], [123090000.0, 0.02], [123080000.0, 0.01723556], [123060000.0, 0.10975375], [123050000.0, 0.86855277]]},
{"timestamp": 1743933634151, "bids": [[122930000.0, 0.00922971], [122920000.0, 0.00922465], [122910000.0, 0.03008136], [122900000.0, 0.1161236], [122890000.0, 0.00886679], [122880000.0, 0.02008138], [122870000.0, 0.30088773], [122860000.0, 0.0295176], [122850000.0, 0.2059954], [122840000.0, 0.0200814]], "asks": [[123310000.0, 0.00040629], [123300000.0, 0.01], [123280000.0, 0.01392115], [123260000.0, 0.22920185], [123200000.0, 0.22265703], [123190000.0, 9.95e-05], [123090000.0, 0.02], [123080000.0, 0.01723556], [123060000.0, 0.10975375], [123050000.0, 0.86855277]]},
{"timestamp": 1743933634268, "bids": [[122930000.0, 0.00922971], [122920000.0, 0.00922465], [122910000.0, 0.03008136], [122900000.0, 0.1161236], [122890000.0, 0.00886679], [122880000.0, 0.29429576], [122870000.0, 0.30088773], [122860000.0, 0.0295176], [122850000.0, 0.2059954], [122840000.0, 0.0200814]], "asks": [[123310000.0, 0.00040629], [123300000.0, 0.01], [123280000.0, 0.01392115], [123260000.0, 0.22920185], [123200000.0, 0.22265703], [123190000.0, 9.95e-05], [123090000.0, 0.02], [123080000.0, 0.01723556], [123060000.0, 0.10975375], [123050000.0, 0.86855277]]},
{"timestamp": 1743933634659, "bids": [[122930000.0, 0.00922971], [122920000.0, 0.00922465], [122910000.0, 0.03008136], [122900000.0, 0.1161236], [122890000.0, 0.00886679], [122880000.0, 0.29429576], [122870000.0, 0.30088773], [122860000.0, 0.0295176], [122850000.0, 0.2059954], [122840000.0, 0.0200814]], "asks": [[123310000.0, 0.00040629], [123300000.0, 0.01], [123280000.0, 0.01392115], [123260000.0, 0.22920185], [123200000.0, 0.22265703], [123190000.0, 9.95e-05], [123090000.0, 0.02], [123080000.0, 0.01723556], [123060000.0, 0.10975375], [123050000.0, 0.86855277]]},
{"timestamp": 1743933635857, "bids": [[122930000.0, 0.00922971], [122920000.0, 0.00922465], [122910000.0, 0.03008136], [122900000.0, 0.1161236], [122890000.0, 0.18386679], [122880000.0, 0.29429576], [122870000.0, 0.30088773], [122860000.0, 0.0295176], [122850000.0, 0.0309954], [122840000.0, 0.0200814]], "asks": [[123310000.0, 0.00040629], [123300000.0, 0.01], [123280000.0, 0.01392115], [123260000.0, 0.22920185], [123200000.0, 0.22265703], [123190000.0, 9.95e-05], [123090000.0, 0.02], [123080000.0, 0.01723556], [123060000.0, 0.10975375], [123050000.0, 0.86855277]]},
{"timestamp": 1743933636068, "bids": [[122930000.0, 0.00922971], [122920000.0, 0.00922465], [122910000.0, 0.03008136], [122900000.0, 0.1161236], [122890000.0, 0.18386679], [122880000.0, 0.29429576], [122870000.0, 0.30088773], [122860000.0, 0.0295176], [122850000.0, 0.0309954], [122840000.0, 0.0200814]], "asks": [[123310000.0, 0.00040629], [123300000.0, 0.01], [123280000.0, 0.01392115], [123260000.0, 0.22920185], [123200000.0, 0.22265703], [123190000.0, 9.95e-05], [123090000.0, 0.02], [123080000.0, 0.01723556], [123060000.0, 0.10975375], [123050000.0, 0.86855277]]},
{"timestamp": 1743933636224, "bids": [[122930000.0, 0.00922971], [122920000.0, 0.00922465], [122910000.0, 0.03008136], [122900000.0, 0.1161236], [122890000.0, 0.18386679], [122880000.0, 0.29429576], [122870000.0, 0.30088773], [122860000.0, 0.0295176], [122850000.0, 0.0309954], [122840000.0, 0.0200814]], "asks": [[123320000.0, 0.21452713], [123310000.0, 0.00040629], [123300000.0, 0.01], [123280000.0, 0.01392115], [123260000.0, 0.22920185], [123200000.0, 0.22265703], [123190000.0, 9.95e-05], [123090000.0, 0.02], [123080000.0, 0.01723556], [123060000.0, 0.10975375]]},
{"timestamp": 1743933636382, "bids": [[122930000.0, 0.00922971], [122920000.0, 0.00922465], [122910000.0, 0.03008136], [122900000.0, 0.1161236], [122890000.0, 0.18386679], [122880000.0, 0.29429576], [122870000.0, 0.30088773], [122860000.0, 0.0295176], [122850000.0, 0.0309954], [122840000.0, 0.0200814]], "asks": [[123320000.0, 0.21452713], [123310000.0, 0.00040629], [123300000.0, 0.01], [123280000.0, 0.01392115], [123260000.0, 0.22920185], [123200000.0, 0.22265703], [123190000.0, 9.95e-05], [123090000.0, 0.02], [123080000.0, 0.01723556], [123060000.0, 0.10975375]]},
{"timestamp": 1743933637205, "bids": [[122930000.0, 0.00922971], [122920000.0, 0.00922465], [122910000.0, 0.03008136], [122900000.0, 0.1161236], [122890000.0, 0.18386679], [122880000.0, 0.29429576], [122870000.0, 0.30088773], [122860000.0, 0.0295176], [122850000.0, 0.0309954], [122840000.0, 0.0200814]], "asks": [[123320000.0, 0.21452713], [123310000.0, 0.00040629], [123300000.0, 0.01], [123280000.0, 0.01392115], [123260000.0, 0.22920185], [123200000.0, 0.22265703], [123190000.0, 0.00019902], [123090000.0, 0.02], [123080000.0, 0.01723556], [123060000.0, 0.10975375]]},
{"timestamp": 1743933637326, "bids": [[122930000.0, 0.00922971], [122920000.0, 0.00922465], [122910000.0, 0.03008136], [122900000.0, 0.1161236], [122890000.0, 0.18386679], [122880000.0, 0.29429576], [122870000.0, 0.30088773], [122860000.0, 0.0295176], [122850000.0, 0.0309954], [122840000.0, 0.0200814]], "asks": [[123320000.0, 0.21452713], [123310000.0, 0.00040629], [123300000.0, 0.01], [123280000.0, 0.01392115], [123260000.0, 0.22920185], [123200000.0, 0.22265703], [123190000.0, 0.00019902], [123090000.0, 0.02], [123080000.0, 0.01723556], [123060000.0, 0.80312385]]},
{"timestamp": 1743933637782, "bids": [[122930000.0, 0.00922971], [122920000.0, 0.00922465], [122910000.0, 0.03008136], [122900000.0, 0.1161236], [122890000.0, 0.18386679], [122880000.0, 0.29429576], [122870000.0, 0.30088773], [122860000.0, 0.0295176], [122850000.0, 0.0309954], [122840000.0, 0.0200814]], "asks": [[123320000.0, 0.21452713], [123310000.0, 0.00040629], [123300000.0, 0.01], [123280000.0, 0.01392115], [123260000.0, 0.22920185], [123200000.0, 0.22265703], [123190000.0, 0.00019902], [123090000.0, 0.02], [123080000.0, 0.01723556], [123060000.0, 0.80312385]]},
{"timestamp": 1743933639549, "bids": [[122930000.0, 0.00922971], [122920000.0, 0.00922465], [122910000.0, 0.03008136], [122900000.0, 0.1161236], [122890000.0, 0.18386679], [122880000.0, 0.29429576], [122870000.0, 0.30088773], [122860000.0, 0.0295176], [122850000.0, 0.0309954], [122840000.0, 0.0200814]], "asks": [[123320000.0, 0.21452713], [123310000.0, 0.00040629], [123300000.0, 0.01], [123280000.0, 0.01392115], [123260000.0, 0.22920185], [123200000.0, 0.22265703], [123190000.0, 0.00019902], [123090000.0, 0.02], [123080000.0, 0.01723556], [123060000.0, 0.80312385]]},
{"timestamp": 1743933639858, "bids": [[122930000.0, 0.00922971], [122920000.0, 0.00922465], [122910000.0, 0.03008136], [122900000.0, 0.1161236], [122890000.0, 0.18386679], [122880000.0, 0.29429576], [122870000.0, 0.30088773], [122860000.0, 0.0295176], [122850000.0, 0.0309954], [122840000.0, 0.0200814]], "asks": [[123320000.0, 0.21452713], [123310000.0, 0.00040629], [123300000.0, 0.01], [123280000.0, 0.01392115], [123260000.0, 0.22920185], [123200000.0, 0.22265703], [123190000.0, 0.00019902], [123090000.0, 0.02], [123080000.0, 0.01723556], [123060000.0, 0.80312385]]},
{"timestamp": 1743933639976, "bids": [[122930000.0, 0.00922971], [122920000.0, 0.00922465], [122910000.0, 0.03008136], [122900000.0, 0.1161236], [122890000.0, 0.18386679], [122880000.0, 0.29429576], [122870000.0, 0.30088773], [122860000.0, 0.0295176], [122850000.0, 0.0008954], [122840000.0, 0.0200814]], "asks": [[123340000.0, 0.00362153], [123320000.0, 0.21452713], [123310000.0, 0.00040629], [123300000.0, 0.01], [123280000.0, 0.01392115], [123260000.0, 0.22920185], [123200000.0, 0.22265703], [123190000.0, 0.00019902], [123090000.0, 0.02], [123080000.0, 0.01723556]]},
{"timestamp": 1743933640083, "bids": [[122930000.0, 0.00922971], [122920000.0, 0.00922465], [122910000.0, 0.03008136], [122900000.0, 0.1161236], [122890000.0, 0.18386679], [122880000.0, 0.29429576], [122870000.0, 0.30088773], [122860000.0, 0.0596176], [122850000.0, 0.0008954], [122840000.0, 0.0200814]], "asks": [[123310000.0, 0.00040629], [123300000.0, 0.01], [123280000.0, 0.01392115], [123260000.0, 0.22920185], [123200000.0, 0.22265703], [123190000.0, 0.00019902], [123090000.0, 0.02], [123080000.0, 0.01723556], [123070000.0, 0.69328016], [123060000.0, 0.10975375]]},
{"timestamp": 1743933640254, "bids": [[122930000.0, 0.00922971], [122920000.0, 0.00922465], [122910000.0, 0.03840367], [122900000.0, 0.1161236], [122890000.0, 0.18386679], [122880000.0, 0.29429576], [122870000.0, 0.30088773], [122860000.0, 0.0596176], [122850000.0, 0.0008954], [122840000.0, 0.0200814]], "asks": [[123310000.0, 0.00040629], [123300000.0, 0.01], [123280000.0, 0.01392115], [123260000.0, 0.22920185], [123200000.0, 0.22265703], [123190000.0, 0.00019902], [123090000.0, 0.02], [123080000.0, 0.01723556], [123070000.0, 0.69328016], [123060000.0, 0.10975375]]},
{"timestamp": 1743933640721, "bids": [[122930000.0, 0.00922971], [122920000.0, 0.00922465], [122910000.0, 0.03840367], [122900000.0, 0.1161236], [122890000.0, 0.18386679], [122880000.0, 0.29429576], [122870000.0, 0.30088773], [122860000.0, 0.0596176], [122850000.0, 0.0008954], [122840000.0, 0.0200814]], "asks": [[123310000.0, 0.00040629], [123300000.0, 0.01], [123280000.0, 0.01392115], [123260000.0, 0.22920185], [123200000.0, 0.22265703], [123190000.0, 0.00019902], [123090000.0, 0.02], [123080000.0, 0.01723556], [123070000.0, 0.69328016], [123060000.0, 0.10975375]]},
{"timestamp": 1743933642186, "bids": [[122930000.0, 0.00922971], [122920000.0, 0.00922465], [122910000.0, 0.03840367], [122900000.0, 0.1161236], [122890000.0, 0.18386679], [122880000.0, 0.29429576], [122870000.0, 0.30088773], [122860000.0, 0.0596176], [122850000.0, 0.0008954], [122840000.0, 0.0200814]], "asks": [[123310000.0, 0.00040629], [123300000.0, 0.01], [123280000.0, 0.01392115], [123260000.0, 0.22920185], [123200000.0, 0.22265703], [123190000.0, 0.00019902], [123090000.0, 0.02], [123080000.0, 0.01723556], [123070000.0, 0.69328016], [123060000.0, 0.10975375]]},
{"timestamp": 1743933643583, "bids": [[122930000.0, 0.00922971], [122920000.0, 0.00922465], [122910000.0, 0.03840367], [122900000.0, 0.1161236], [122890000.0, 0.18386679], [122880000.0, 0.29429576], [122870000.0, 0.30088773], [122860000.0, 0.0596176], [122850000.0, 0.0008954], [122840000.0, 0.0200814]], "asks": [[123310000.0, 0.00040629], [123300000.0, 0.01], [123280000.0, 0.01392115], [123260000.0, 0.22920185], [123200000.0, 0.22265703], [123190000.0, 0.00019902], [123090000.0, 0.02], [123080000.0, 0.01723556], [123070000.0, 0.69328016], [123060000.0, 0.10975375]]},
{"timestamp": 1743933643784, "bids": [[122930000.0, 0.00922971], [122920000.0, 0.00922465], [122910000.0, 0.03840367], [122900000.0, 0.1161236], [122890000.0, 0.18386679], [122880000.0, 0.29429576], [122870000.0, 0.30088773], [122860000.0, 0.0596176], [122850000.0, 0.0008954], [122840000.0, 0.0200814]], "asks": [[123320000.0, 0.21452713], [123310000.0, 0.00040629], [123300000.0, 0.01], [123280000.0, 0.01392115], [123260000.0, 0.22920185], [123200000.0, 0.22265703], [123190000.0, 0.00019902], [123090000.0, 0.02], [123080000.0, 0.01723556], [123070000.0, 0.69328016]]},
{"timestamp": 1743933643900, "bids": [[122930000.0, 0.00922971], [122920000.0, 0.00922465], [122910000.0, 0.03840367], [122900000.0, 0.1161236], [122890000.0, 0.18386679], [122880000.0, 0.29429576], [122870000.0, 0.30088773], [122860000.0, 0.0596176], [122850000.0, 0.0008954], [122840000.0, 0.0200814]], "asks": [[123320000.0, 0.21452713], [123310000.0, 0.00040629], [123300000.0, 0.01], [123280000.0, 0.01392115], [123260000.0, 0.22920185], [123200000.0, 0.22265703], [123190000.0, 0.00019902], [123090000.0, 0.02], [123080000.0, 0.12698931], [123070000.0, 0.69328016]]},
{"timestamp": 1743933644367, "bids": [[122930000.0, 0.00922971], [122920000.0, 0.00922465], [122910000.0, 0.03840367], [122900000.0, 0.1161236], [122890000.0, 0.18386679], [122880000.0, 0.29429576], [122870000.0, 0.30088773], [122860000.0, 0.0596176], [122850000.0, 0.0008954], [122840000.0, 0.0200814]], "asks": [[123320000.0, 0.21452713], [123310000.0, 0.00040629], [123300000.0, 0.01], [123280000.0, 0.01392115], [123260000.0, 0.22920185], [123200000.0, 0.22265703], [123190000.0, 0.00019902], [123090000.0, 0.02], [123080000.0, 0.12698931], [123070000.0, 0.69328016]]},
{"timestamp": 1743933644663, "bids": [[122930000.0, 0.00922971], [122920000.0, 0.00922465], [122910000.0, 0.03840367], [122900000.0, 0.1161236], [122890000.0, 0.18386679], [122880000.0, 0.29429576], [122870000.0, 0.30088773], [122860000.0, 0.0596176], [122850000.0, 0.0008954], [122840000.0, 0.0200814]], "asks": [[123320000.0, 0.21452713], [123310000.0, 0.00040629], [123300000.0, 0.01], [123280000.0, 0.01392115], [123260000.0, 0.22920185], [123200000.0, 0.22265703], [123190000.0, 0.00019902], [123090000.0, 0.02], [123080000.0, 0.12698931], [123070000.0, 0.69328016]]},
{"timestamp": 1743933644840, "bids": [[122930000.0, 0.00922971], [122920000.0, 0.00922465], [122910000.0, 0.03840367], [122900000.0, 0.1161236], [122890000.0, 0.18386679], [122880000.0, 0.29429576], [122870000.0, 0.30088773], [122860000.0, 0.0596176], [122850000.0, 0.0008954], [122840000.0, 0.0200814]], "asks": [[123320000.0, 0.21452713], [123310000.0, 0.00040629], [123300000.0, 0.01], [123280000.0, 0.01392115], [123260000.0, 0.22920185], [123200000.0, 0.22265703], [123190000.0, 0.00019902], [123090000.0, 0.02], [123080000.0, 0.12698931], [123070000.0, 0.69328016]]},
{"timestamp": 1743933649369, "bids": [[122930000.0, 0.00922971], [122920000.0, 0.00922465], [122910000.0, 0.03840367], [122900000.0, 0.1161236], [122890000.0, 0.18386679], [122880000.0, 0.02008138], [122870000.0, 0.30088773], [122860000.0, 0.0596176], [122850000.0, 0.0008954], [122840000.0, 0.0200814]], "asks": [[123320000.0, 0.21452713], [123310000.0, 0.00040629], [123300000.0, 0.01], [123280000.0, 0.01392115], [123260000.0, 0.22920185], [123200000.0, 0.22265703], [123190000.0, 0.00019902], [123090000.0, 0.02], [123080000.0, 0.12698931], [123070000.0, 0.69328016]]},
{"timestamp": 1743933649583, "bids": [[122930000.0, 0.00922971], [122920000.0, 0.00922465], [122910000.0, 0.03840367], [122900000.0, 0.1161236], [122890000.0, 0.45845619], [122880000.0, 0.02008138], [122870000.0, 0.30088773], [122860000.0, 0.0596176], [122850000.0, 0.0008954], [122840000.0, 0.0200814]], "asks": [[123320000.0, 0.21452713], [123310000.0, 0.00040629], [123300000.0, 0.01], [123280000.0, 0.01392115], [123260000.0, 0.22920185], [123200000.0, 0.22265703], [123190000.0, 0.00019902], [123090000.0, 0.02], [123080000.0, 0.12698931], [123070000.0, 0.69328016]]},
{"timestamp": 1743933654369, "bids": [[122930000.0, 0.00922971], [122920000.0, 0.00922465], [122910000.0, 0.03840367], [122900000.0, 0.1161236], [122890000.0, 0.45845619], [122880000.0, 0.02008138], [122870000.0, 0.30088773], [122860000.0, 0.0596176], [122850000.0, 0.0008954], [122840000.0, 0.0200814]], "asks": [[123320000.0, 0.21452713], [123310000.0, 0.00040629], [123300000.0, 0.01], [123280000.0, 0.01392115], [123260000.0, 0.22920185], [123200000.0, 0.22265703], [123190000.0, 0.00019902], [123090000.0, 0.02], [123080000.0, 0.12698931], [123070000.0, 0.69328016]]},
{"timestamp": 1743933654674, "bids": [[122930000.0, 0.00922971], [122920000.0, 0.00922465], [122910000.0, 0.03840367], [122900000.0, 0.1161236], [122890000.0, 0.45845619], [122880000.0, 0.02008138], [122870000.0, 0.30088773], [122860000.0, 0.0596176], [122850000.0, 0.0008954], [122840000.0, 0.0200814]], "asks": [[123320000.0, 0.21452713], [123310000.0, 0.00040629], [123300000.0, 0.01], [123280000.0, 0.01392115], [123260000.0, 0.22920185], [123200000.0, 0.22265703], [123190000.0, 0.00019902], [123090000.0, 0.02], [123080000.0, 0.12698931], [123070000.0, 0.69328016]]},
{"timestamp": 1743933655648, "bids": [[122930000.0, 0.00922971], [122920000.0, 0.00922465], [122910000.0, 0.03840367], [122900000.0, 0.00828789], [122890000.0, 0.45845619], [122880000.0, 0.02008138], [122870000.0, 0.30088773], [122860000.0, 0.0596176], [122850000.0, 0.0008954], [122840000.0, 0.0200814]], "asks": [[123320000.0, 0.21452713], [123310000.0, 0.00040629], [123300000.0, 0.01], [123280000.0, 0.01392115], [123260000.0, 0.22920185], [123200000.0, 0.22265703], [123190000.0, 0.00019902], [123090000.0, 0.02], [123080000.0, 0.12698931], [123070000.0, 0.69328016]]},
{"timestamp": 1743933655761, "bids": [[122930000.0, 0.11706542], [122920000.0, 0.00922465], [122910000.0, 0.03840367], [122900000.0, 0.00828789], [122890000.0, 0.45845619], [122880000.0, 0.02008138], [122870000.0, 0.30088773], [122860000.0, 0.0596176], [122850000.0, 0.0008954], [122840000.0, 0.0200814]], "asks": [[123320000.0, 0.21452713], [123310000.0, 0.00040629], [123300000.0, 0.01], [123280000.0, 0.01392115], [123260000.0, 0.22920185], [123200000.0, 0.22265703], [123190000.0, 0.00019902], [123090000.0, 0.02], [123080000.0, 0.12698931], [123070000.0, 0.69328016]]},
{"timestamp": 1743933655966, "bids": [[122930000.0, 0.11706542], [122920000.0, 0.00922465], [122910000.0, 0.00840367], [122900000.0, 0.00828789], [122890000.0, 0.45845619], [122880000.0, 0.02008138], [122870000.0, 0.30088773], [122860000.0, 0.0596176], [122850000.0, 0.0008954], [122840000.0, 0.0200814]], "asks": [[123320000.0, 0.21452713], [123310000.0, 0.00040629], [123300000.0, 0.01], [123280000.0, 0.01392115], [123260000.0, 0.22920185], [123200000.0, 0.22265703], [123190000.0, 0.00019902], [123090000.0, 0.02], [123080000.0, 0.12698931], [123070000.0, 0.69328016]]},
{"timestamp": 1743933656685, "bids": [[122940000.0, 0.03], [122930000.0, 0.11706542], [122920000.0, 0.00922465], [122910000.0, 0.00840367], [122900000.0, 0.00828789], [122890000.0, 0.45845619], [122880000.0, 0.02008138], [122870000.0, 0.30088773], [122860000.0, 0.0596176], [122850000.0, 0.0008954]], "asks": [[123320000.0, 0.21452713], [123310000.0, 0.00040629], [123300000.0, 0.01], [123280000.0, 0.01392115], [123260000.0, 0.22920185], [123200000.0, 0.22265703], [123190000.0, 0.00019902], [123090000.0, 0.02], [123080000.0, 0.12698931], [123070000.0, 0.69328016]]},
{"timestamp": 1743933656976, "bids": [[122940000.0, 0.03], [122930000.0, 0.11706542], [122920000.0, 0.00922465], [122910000.0, 0.00840367], [122900000.0, 0.00828789], [122890000.0, 0.45845619], [122880000.0, 0.02008138], [122870000.0, 0.30088773], [122860000.0, 0.0596176], [122850000.0, 0.0008954]], "asks": [[123320000.0, 0.21452713], [123310000.0, 0.00040629], [123300000.0, 0.01], [123280000.0, 0.01392115], [123260000.0, 0.22920185], [123200000.0, 0.22265703], [123190000.0, 0.00019902], [123090000.0, 0.02], [123080000.0, 0.12698931], [123070000.0, 0.69328016]]},
{"timestamp": 1743933658096, "bids": [[122940000.0, 0.03], [122930000.0, 0.11706542], [122920000.0, 0.00922465], [122910000.0, 0.00840367], [122900000.0, 0.00828789], [122890000.0, 0.45845619], [122880000.0, 0.02008138], [122870000.0, 0.30088773], [122860000.0, 0.0596176], [122850000.0, 0.0008954]], "asks": [[123320000.0, 0.21452713], [123310000.0, 0.00040629], [123300000.0, 0.01], [123280000.0, 0.01392115], [123260000.0, 0.22920185], [123200000.0, 0.22265703], [123190000.0, 0.00019902], [123090000.0, 0.02], [123080000.0, 0.12698931], [123070000.0, 0.69328016]]},
{"timestamp": 1743933659367, "bids": [[122940000.0, 0.03], [122930000.0, 0.11706542], [122920000.0, 0.00922465], [122910000.0, 0.00840367], [122900000.0, 0.00828789], [122890000.0, 0.45845619], [122880000.0, 0.02008138], [122870000.0, 0.30088773], [122860000.0, 0.0596176], [122850000.0, 0.0008954]], "asks": [[123320000.0, 0.21452713], [123310000.0, 0.00040629], [123300000.0, 0.01], [123280000.0, 0.01392115], [123260000.0, 0.22920185], [123200000.0, 0.22265703], [123190000.0, 0.00019902], [123090000.0, 0.02], [123080000.0, 0.12698931], [123070000.0, 0.69328016]]},
{"timestamp": 1743933659667, "bids": [[122940000.0, 0.03], [122930000.0, 0.11706542], [122920000.0, 0.00922465], [122910000.0, 0.00840367], [122900000.0, 0.00828789], [122890000.0, 0.45845619], [122880000.0, 0.02008138], [122870000.0, 0.30088773], [122860000.0, 0.0596176], [122850000.0, 0.0008954]], "asks": [[123320000.0, 0.21452713], [123310000.0, 0.00040629], [123300000.0, 0.01], [123280000.0, 0.01392115], [123260000.0, 0.22920185], [123200000.0, 0.22265703], [123190000.0, 0.00019902], [123090000.0, 0.02], [123080000.0, 0.12698931], [123070000.0, 0.69328016]]},
{"timestamp": 1743933660507, "bids": [[122940000.0, 0.03], [122930000.0, 0.11706542], [122920000.0, 0.00922465], [122910000.0, 0.18340367], [122900000.0, 0.00828789], [122890000.0, 0.45845619], [122880000.0, 0.02008138], [122870000.0, 0.12588773], [122860000.0, 0.0596176], [122850000.0, 0.0008954]], "asks": [[123340000.0, 0.00362153], [123320000.0, 0.21452713], [123310000.0, 0.00040629], [123300000.0, 0.01], [123280000.0, 0.01392115], [123260000.0, 0.22920185], [123200000.0, 0.22265703], [123190000.0, 0.00019902], [123090000.0, 0.02], [123080000.0, 0.12698931]]},
{"timestamp": 1743933660965, "bids": [[122940000.0, 0.03], [122930000.0, 0.11706542], [122920000.0, 0.01801688], [122910000.0, 0.18340367], [122900000.0, 0.00828789], [122890000.0, 0.45845619], [122880000.0, 0.02008138], [122870000.0, 0.12588773], [122860000.0, 0.0596176], [122850000.0, 0.0008954]], "asks": [[123340000.0, 0.00362153], [123320000.0, 0.21452713], [123310000.0, 0.00040629], [123300000.0, 0.01], [123280000.0, 0.01392115], [123260000.0, 0.22920185], [123200000.0, 0.22265703], [123190000.0, 0.00019902], [123090000.0, 0.02], [123080000.0, 0.12698931]]},
{"timestamp": 1743933661597, "bids": [[122940000.0, 0.03], [122930000.0, 0.11706542], [122920000.0, 0.01801688], [122910000.0, 0.18340367], [122900000.0, 0.00828789], [122890000.0, 0.45845619], [122880000.0, 0.02008138], [122870000.0, 0.12588773], [122860000.0, 0.0295176], [122850000.0, 0.0008954]], "asks": [[123320000.0, 0.21452713], [123310000.0, 0.00040629], [123300000.0, 0.01], [123280000.0, 0.01392115], [123260000.0, 0.22920185], [123200000.0, 0.22265703], [123190000.0, 0.00019902], [123090000.0, 0.02], [123080000.0, 0.12698931], [123050000.0, 0.175]]},
{"timestamp": 1743933661781, "bids": [[122940000.0, 0.03], [122930000.0, 0.11706542], [122920000.0, 0.01801688], [122910000.0, 0.18340367], [122900000.0, 0.00828789], [122890000.0, 0.45845619], [122880000.0, 0.05618138], [122870000.0, 0.12588773], [122860000.0, 0.0295176], [122850000.0, 0.0008954]], "asks": [[123320000.0, 0.21452713], [123310000.0, 0.00040629], [123300000.0, 0.01], [123280000.0, 0.01392115], [123260000.0, 0.22920185], [123200000.0, 0.22265703], [123190000.0, 0.00019902], [123090000.0, 0.02], [123080000.0, 0.11019175], [123050000.0, 0.175]]},
{"timestamp": 1743933661953, "bids": [[122940000.0, 0.03], [122930000.0, 0.11706542], [122920000.0, 0.01801688], [122910000.0, 0.18340367], [122900000.0, 0.00828789], [122890000.0, 0.45845619], [122880000.0, 0.05618138], [122870000.0, 0.11688438], [122860000.0, 0.0295176], [122850000.0, 0.0008954]], "asks": [[123320000.0, 0.21452713], [123310000.0, 0.00040629], [123300000.0, 0.01], [123280000.0, 0.01392115], [123260000.0, 0.22920185], [123200000.0, 0.22265703], [123190000.0, 0.00019902], [123090000.0, 0.02], [123080000.0, 0.11019175], [123050000.0, 0.175]]},
{"timestamp": 1743933663684, "bids": [[122940000.0, 0.03], [122930000.0, 0.11706542], [122920000.0, 0.01801688], [122910000.0, 0.18340367], [122900000.0, 0.00828789], [122890000.0, 0.45845619], [122880000.0, 0.05618138], [122870000.0, 0.11688438], [122860000.0, 0.0295176], [122850000.0, 0.0008954]], "asks": [[123320000.0, 0.21452713], [123310000.0, 0.00040629], [123300000.0, 0.01], [123280000.0, 0.01392115], [123260000.0, 0.22920185], [123200000.0, 0.22265703], [123190000.0, 0.00019902], [123090000.0, 0.02], [123080000.0, 0.10975375], [123050000.0, 0.175]]},
{"timestamp": 1743933664378, "bids": [[122940000.0, 0.03], [122930000.0, 0.11706542], [122920000.0, 0.01801688], [122910000.0, 0.18340367], [122900000.0, 0.00828789], [122890000.0, 0.45845619], [122880000.0, 0.05618138], [122870000.0, 0.11688438], [122860000.0, 0.0295176], [122850000.0, 0.0008954]], "asks": [[123320000.0, 0.21452713], [123310000.0, 0.00040629], [123300000.0, 0.01], [123280000.0, 0.01392115], [123260000.0, 0.22920185], [123200000.0, 0.22265703], [123190000.0, 0.00019902], [123090000.0, 0.02], [123080000.0, 0.10975375], [123050000.0, 0.175]]},
{"timestamp": 1743933664547, "bids": [[122940000.0, 0.03], [122930000.0, 0.00922971], [122920000.0, 0.01801688], [122910000.0, 0.18340367], [122900000.0, 0.00828789], [122890000.0, 0.45845619], [122880000.0, 0.05618138], [122870000.0, 0.00514719], [122860000.0, 0.0295176], [122850000.0, 0.0008954]], "asks": [[123320000.0, 0.21452713], [123310000.0, 0.00040629], [123300000.0, 0.01], [123280000.0, 0.01392115], [123260000.0, 0.22920185], [123200000.0, 0.22265703], [123190000.0, 0.00019902], [123090000.0, 0.02], [123080000.0, 0.1270151], [123050000.0, 0.175]]},
{"timestamp": 1743933664666, "bids": [[122940000.0, 0.13783571], [122930000.0, 0.00922971], [122920000.0, 0.12975407], [122910000.0, 0.18340367], [122900000.0, 0.00828789], [122890000.0, 0.45845619], [122880000.0, 0.05618138], [122870000.0, 0.00514719], [122860000.0, 0.0295176], [122850000.0, 0.0008954]], "asks": [[123320000.0, 0.21452713], [123310000.0, 0.00040629], [123300000.0, 0.01], [123280000.0, 0.01392115], [123260000.0, 0.22920185], [123200000.0, 0.22265703], [123190000.0, 0.00019902], [123090000.0, 0.02], [123080000.0, 0.1270151], [123050000.0, 0.175]]},
{"timestamp": 1743933665736, "bids": [[122940000.0, 0.13783571], [122930000.0, 0.00922971], [122920000.0, 0.12975407], [122910000.0, 0.18340367], [122900000.0, 0.00828789], [122890000.0, 0.45845619], [122880000.0, 0.05618138], [122870000.0, 0.00514719], [122860000.0, 0.0295176], [122850000.0, 0.0008954]], "asks": [[123320000.0, 0.21452713], [123310000.0, 0.00040629], [123300000.0, 0.01], [123280000.0, 0.01392115], [123260000.0, 0.22920185], [123200000.0, 0.22265703], [123190000.0, 0.00019902], [123090000.0, 0.02], [123080000.0, 0.82035202], [123050000.0, 0.175]]},
{"timestamp": 1743933667179, "bids": [[122940000.0, 0.13783571], [122930000.0, 0.00922971], [122920000.0, 0.12975407], [122910000.0, 0.18340367], [122900000.0, 0.00828789], [122890000.0, 0.28345619], [122880000.0, 0.05618138], [122870000.0, 0.00514719], [122860000.0, 0.0295176], [122850000.0, 0.1758954]], "asks": [[123320000.0, 0.21452713], [123310000.0, 0.00040629], [123300000.0, 0.01], [123280000.0, 0.01392115], [123260000.0, 0.22920185], [123200000.0, 0.22265703], [123190000.0, 0.00019902], [123090000.0, 0.02], [123080000.0, 0.82035202], [123050000.0, 0.175]]},
{"timestamp": 1743933667460, "bids": [[122940000.0, 0.13783571], [122930000.0, 0.00922971], [122920000.0, 0.12975407], [122910000.0, 0.18340367], [122900000.0, 0.00828789], [122890000.0, 0.28345619], [122880000.0, 0.05618138], [122870000.0, 8.138e-05], [122860000.0, 0.00485702], [122850000.0, 0.1758954]], "asks": [[123320000.0, 0.21452713], [123310000.0, 0.00040629], [123300000.0, 0.01], [123280000.0, 0.01392115], [123260000.0, 0.22920185], [123200000.0, 0.22265703], [123190000.0, 0.00189104], [123090000.0, 0.02], [123080000.0, 0.82035202], [123050000.0, 0.175]]},
{"timestamp": 1743933667634, "bids": [[122940000.0, 0.13783571], [122930000.0, 0.00922971], [122920000.0, 0.12975407], [122910000.0, 0.18340367], [122900000.0, 0.00828789], [122890000.0, 0.28345619], [122880000.0, 0.05618138], [122870000.0, 8.138e-05], [122860000.0, 0.00485702], [122850000.0, 0.18108492]], "asks": [[123320000.0, 0.21452713], [123310000.0, 0.00040629], [123300000.0, 0.01], [123280000.0, 0.01392115], [123260000.0, 0.22920185], [123200000.0, 0.22265703], [123190000.0, 0.00189104], [123090000.0, 0.02], [123080000.0, 0.82035202], [123050000.0, 0.175]]},
{"timestamp": 1743933667841, "bids": [[122940000.0, 0.13783571], [122930000.0, 0.00922971], [122920000.0, 0.12975407], [122910000.0, 0.18340367], [122900000.0, 0.00828789], [122890000.0, 0.28345619], [122880000.0, 0.05618138], [122870000.0, 8.138e-05], [122860000.0, 0.00485702], [122850000.0, 0.18108492]], "asks": [[123320000.0, 0.21452713], [123310000.0, 0.00040629], [123300000.0, 0.01], [123280000.0, 0.01392115], [123260000.0, 0.22920185], [123200000.0, 0.22265703], [123190000.0, 0.00189104], [123090000.0, 0.02], [123080000.0, 0.82035202], [123050000.0, 0.175]]},
{"timestamp": 1743933668415, "bids": [[122940000.0, 0.13783571], [122930000.0, 0.00922971], [122920000.0, 0.12975407], [122910000.0, 0.18340367], [122900000.0, 0.00828789], [122890000.0, 0.28345619], [122880000.0, 0.05618138], [122870000.0, 8.138e-05], [122860000.0, 0.00485702], [122850000.0, 0.18108492]], "asks": [[123340000.0, 0.00362153], [123320000.0, 0.21452713], [123310000.0, 0.00040629], [123300000.0, 0.01], [123280000.0, 0.01392115], [123260000.0, 0.22920185], [123200000.0, 0.22265703], [123090000.0, 0.02], [123080000.0, 0.82035202], [123050000.0, 0.175]]},
{"timestamp": 1743933669389, "bids": [[122940000.0, 0.13783571], [122930000.0, 0.00922971], [122920000.0, 0.12975407], [122910000.0, 0.18340367], [122900000.0, 0.00828789], [122890000.0, 0.28345619], [122880000.0, 0.05618138], [122870000.0, 8.138e-05], [122860000.0, 0.00485702], [122850000.0, 0.18108492]], "asks": [[123340000.0, 0.00362153], [123320000.0, 0.21452713], [123310000.0, 0.00040629], [123300000.0, 0.01], [123280000.0, 0.01392115], [123260000.0, 0.22920185], [123200000.0, 0.22265703], [123090000.0, 0.02], [123080000.0, 0.82035202], [123050000.0, 0.175]]},
{"timestamp": 1743933669707, "bids": [[122940000.0, 0.13783571], [122930000.0, 0.00922971], [122920000.0, 0.12975407], [122910000.0, 0.18340367], [122900000.0, 0.00828789], [122890000.0, 0.28345619], [122880000.0, 0.05618138], [122870000.0, 8.138e-05], [122860000.0, 0.00485702], [122850000.0, 0.18108492]], "asks": [[123340000.0, 0.00362153], [123320000.0, 0.21452713], [123310000.0, 0.00040629], [123300000.0, 0.01], [123280000.0, 0.01392115], [123260000.0, 0.22920185], [123200000.0, 0.22265703], [123090000.0, 0.02], [123080000.0, 0.82035202], [123050000.0, 0.175]]},
{"timestamp": 1743933669876, "bids": [[122940000.0, 0.13783571], [122930000.0, 0.00922971], [122920000.0, 0.12975407], [122910000.0, 0.18340367], [122900000.0, 0.00828789], [122890000.0, 0.28345619], [122880000.0, 0.05618138], [122870000.0, 8.138e-05], [122860000.0, 0.00485702], [122850000.0, 0.18108492]], "asks": [[123340000.0, 0.00362153], [123320000.0, 0.21452713], [123310000.0, 0.00040629], [123300000.0, 0.01], [123280000.0, 0.01392115], [123260000.0, 0.22920185], [123200000.0, 0.22265703], [123090000.0, 0.02], [123080000.0, 0.80598414], [123050000.0, 0.175]]},
{"timestamp": 1743933670040, "bids": [[122940000.0, 0.13783571], [122930000.0, 0.00922971], [122920000.0, 0.12975407], [122910000.0, 0.18340367], [122900000.0, 0.00828789], [122890000.0, 0.28345619], [122880000.0, 0.05618138], [122870000.0, 8.138e-05], [122860000.0, 0.00485702], [122850000.0, 0.18108492]], "asks": [[123320000.0, 0.21452713], [123310000.0, 0.00040629], [123300000.0, 0.01], [123280000.0, 0.01392115], [123260000.0, 0.22920185], [123200000.0, 0.22265703], [123190000.0, 0.00119619], [123090000.0, 0.02], [123080000.0, 0.80598414], [123050000.0, 0.175]]},
{"timestamp": 1743933671877, "bids": [[122940000.0, 0.13783571], [122930000.0, 0.00922971], [122920000.0, 0.12975407], [122910000.0, 0.18340367], [122900000.0, 0.00828789], [122890000.0, 0.28345619], [122880000.0, 0.05618138], [122870000.0, 8.138e-05], [122860000.0, 0.00485702], [122850000.0, 0.18108492]], "asks": [[123320000.0, 0.21452713], [123310000.0, 0.00040629], [123300000.0, 0.01], [123280000.0, 0.01392115], [123260000.0, 0.22920185], [123200000.0, 0.22265703], [123190000.0, 0.00119619], [123090000.0, 0.02], [123080000.0, 0.80309067], [123050000.0, 0.175]]},
{"timestamp": 1743933673370, "bids": [[122940000.0, 0.13783571], [122930000.0, 0.00922971], [122920000.0, 0.12975407], [122910000.0, 0.18340367], [122900000.0, 0.00828789], [122890000.0, 0.28345619], [122880000.0, 0.05618138], [122870000.0, 8.138e-05], [122860000.0, 0.00485702], [122850000.0, 0.18108492]], "asks": [[123320000.0, 0.21452713], [123310000.0, 0.00040629], [123300000.0, 0.01], [123280000.0, 0.01392115], [123260000.0, 0.22920185], [123200000.0, 0.22265703], [123190000.0, 0.0010935], [123090000.0, 0.02], [123080000.0, 0.80309067], [123050000.0, 0.175]]},
{"timestamp": 1743933673543, "bids": [[122940000.0, 0.13783571], [122930000.0, 0.00922971], [122920000.0, 0.12975407], [122910000.0, 0.18340367], [122900000.0, 0.00828789], [122890000.0, 0.28345619], [122880000.0, 0.05618138], [122870000.0, 8.138e-05], [122860000.0, 0.00485702], [122850000.0, 0.18108492]], "asks": [[123320000.0, 0.21452713], [123310000.0, 0.00040629], [123300000.0, 0.01], [123280000.0, 0.01392115], [123260000.0, 0.22920185], [123200000.0, 0.22265703], [123190000.0, 0.0010935], [123090000.0, 0.02], [123080000.0, 0.82034019], [123050000.0, 0.175]]},
{"timestamp": 1743933674367, "bids": [[122940000.0, 0.13783571], [122930000.0, 0.00922971], [122920000.0, 0.12975407], [122910000.0, 0.18340367], [122900000.0, 0.00828789], [122890000.0, 0.28345619], [122880000.0, 0.05618138], [122870000.0, 8.138e-05], [122860000.0, 0.00485702], [122850000.0, 0.18108492]], "asks": [[123320000.0, 0.21452713], [123310000.0, 0.00040629], [123300000.0, 0.01], [123280000.0, 0.01392115], [123260000.0, 0.22920185], [123200000.0, 0.22265703], [123190000.0, 0.0010935], [123090000.0, 0.02], [123080000.0, 0.82034019], [123050000.0, 0.175]]},
{"timestamp": 1743933674544, "bids": [[122940000.0, 0.10783571], [122930000.0, 0.00922971], [122920000.0, 0.12975407], [122910000.0, 0.18340367], [122900000.0, 0.00828789], [122890000.0, 0.28345619], [122880000.0, 0.05618138], [122870000.0, 8.138e-05], [122860000.0, 0.00485702], [122850000.0, 0.18108492]], "asks": [[123320000.0, 0.21452713], [123310000.0, 0.00040629], [123300000.0, 0.01], [123280000.0, 0.01392115], [123260000.0, 0.22920185], [123200000.0, 0.22265703], [123190000.0, 0.0010935], [123090000.0, 0.02], [123080000.0, 0.82034019], [123050000.0, 0.175]]},
{"timestamp": 1743933674667, "bids": [[122940000.0, 0.10783571], [122930000.0, 0.00922971], [122920000.0, 0.12975407], [122910000.0, 0.18340367], [122900000.0, 0.00828789], [122890000.0, 0.28345619], [122880000.0, 0.05618138], [122870000.0, 8.138e-05], [122860000.0, 0.00485702], [122850000.0, 0.18108492]], "asks": [[123320000.0, 0.21452713], [123310000.0, 0.00040629], [123300000.0, 0.01], [123280000.0, 0.01392115], [123260000.0, 0.22920185], [123200000.0, 0.22265703], [123190000.0, 0.0010935], [123090000.0, 0.02], [123080000.0, 0.82034019], [123050000.0, 0.175]]},
{"timestamp": 1743933675311, "bids": [[122940000.0, 0.10783571], [122930000.0, 0.00922971], [122920000.0, 0.12975407], [122910000.0, 0.18340367], [122900000.0, 0.00828789], [122890000.0, 0.00886679], [122880000.0, 0.05618138], [122870000.0, 8.138e-05], [122860000.0, 0.00485702], [122850000.0, 0.18108492]], "asks": [[123320000.0, 0.21452713], [123310000.0, 0.00040629], [123300000.0, 0.01], [123280000.0, 0.01392115], [123260000.0, 0.22920185], [123200000.0, 0.22265703], [123190000.0, 0.0010935], [123090000.0, 0.02], [123080000.0, 0.82034019], [123050000.0, 0.175]]},
{"timestamp": 1743933675421, "bids": [[122940000.0, 0.10783571], [122930000.0, 0.00922971], [122920000.0, 0.12975407], [122910000.0, 0.18340367], [122900000.0, 0.28270592], [122890000.0, 0.00886679], [122880000.0, 0.05618138], [122870000.0, 8.138e-05], [122860000.0, 0.00485702], [122850000.0, 0.18108492]], "asks": [[123320000.0, 0.21452713], [123310000.0, 0.00040629], [123300000.0, 0.01], [123280000.0, 0.01392115], [123260000.0, 0.22920185], [123200000.0, 0.22265703], [123190000.0, 0.0010935], [123090000.0, 0.02], [123080000.0, 0.82034019], [123050000.0, 0.175]]},
{"timestamp": 1743933675641, "bids": [[122940000.0, 0.10783571], [122930000.0, 0.00922971], [122920000.0, 0.12975407], [122910000.0, 0.18340367], [122900000.0, 0.28270592], [122890000.0, 0.00886679], [122880000.0, 0.02008138], [122870000.0, 8.138e-05], [122860000.0, 0.00485702], [122850000.0, 0.18108492]], "asks": [[123320000.0, 0.21452713], [123310000.0, 0.00040629], [123300000.0, 0.01], [123280000.0, 0.01392115], [123260000.0, 0.22920185], [123200000.0, 0.22265703], [123190000.0, 0.0010935], [123090000.0, 0.02], [123080000.0, 0.82034019], [123050000.0, 0.175]]},
{"timestamp": 1743933676287, "bids": [[122940000.0, 0.10783571], [122930000.0, 0.00922971], [122920000.0, 0.12975407], [122910000.0, 0.18340367], [122900000.0, 0.28270592], [122890000.0, 0.00886679], [122880000.0, 0.02008138], [122870000.0, 8.138e-05], [122860000.0, 0.00485702], [122850000.0, 0.18108492]], "asks": [[123320000.0, 0.21452713], [123310000.0, 0.00040629], [123300000.0, 0.01], [123280000.0, 0.01392115], [123260000.0, 0.22920185], [123200000.0, 0.22265703], [123190000.0, 0.01725268], [123090000.0, 0.02], [123080000.0, 0.82034019], [123050000.0, 0.175]]},
{"timestamp": 1743933676623, "bids": [[122940000.0, 0.10783571], [122930000.0, 0.00922971], [122920000.0, 0.12975407], [122910000.0, 0.18340367], [122900000.0, 0.28270592], [122890000.0, 0.00886679], [122880000.0, 0.02008138], [122870000.0, 0.03628138], [122860000.0, 0.00485702], [122850000.0, 0.18108492]], "asks": [[123340000.0, 0.00362153], [123320000.0, 0.21452713], [123310000.0, 0.00040629], [123300000.0, 0.01], [123280000.0, 0.01392115], [123260000.0, 0.22920185], [123200000.0, 0.22265703], [123190000.0, 0.01725268], [123090000.0, 0.02], [123080000.0, 0.82034019]]},
{"timestamp": 1743933677097, "bids": [[122940000.0, 0.10783571], [122930000.0, 0.00922971], [122920000.0, 0.12975407], [122910000.0, 0.18340367], [122900000.0, 0.28270592], [122890000.0, 0.00886679], [122880000.0, 0.02008138], [122870000.0, 0.03628138], [122860000.0, 0.00485702], [122850000.0, 0.18108492]], "asks": [[123340000.0, 0.00362153], [123320000.0, 0.21452713], [123310000.0, 0.00040629], [123300000.0, 0.01], [123280000.0, 0.01392115], [123260000.0, 0.22920185], [123200000.0, 0.22265703], [123190000.0, 0.01725268], [123090000.0, 0.02], [123080000.0, 0.82034019]]},
{"timestamp": 1743933677323, "bids": [[122940000.0, 0.10783571], [122930000.0, 0.00922971], [122920000.0, 0.12975407], [122910000.0, 0.18340367], [122900000.0, 0.28270592], [122890000.0, 0.00886679], [122880000.0, 0.02008138], [122870000.0, 0.03628138], [122860000.0, 0.00485702], [122850000.0, 0.18108492]], "asks": [[123350000.0, 0.008148], [123340000.0, 0.00362153], [123320000.0, 0.21452713], [123310000.0, 0.00040629], [123300000.0, 0.01], [123280000.0, 0.01392115], [123260000.0, 0.22920185], [123200000.0, 0.22265703], [123090000.0, 0.02], [123080000.0, 0.82034019]]},
{"timestamp": 1743933678946, "bids": [[122940000.0, 0.10783571], [122930000.0, 0.00922971], [122920000.0, 0.12975407], [122910000.0, 0.18340367], [122900000.0, 0.28270592], [122890000.0, 0.00886679], [122880000.0, 0.02008138], [122870000.0, 0.03628138], [122860000.0, 0.00485702], [122850000.0, 0.18108492]], "asks": [[123340000.0, 0.00362153], [123320000.0, 0.21452713], [123310000.0, 0.00040629], [123300000.0, 0.01], [123280000.0, 0.01392115], [123260000.0, 0.22920185], [123200000.0, 0.22265703], [123190000.0, 0.00109234], [123090000.0, 0.02], [123080000.0, 0.82034019]]},
{"timestamp": 1743933679374, "bids": [[122940000.0, 0.10783571], [122930000.0, 0.00922971], [122920000.0, 0.12975407], [122910000.0, 0.18340367], [122900000.0, 0.28270592], [122890000.0, 0.00886679], [122880000.0, 0.02008138], [122870000.0, 0.03628138], [122860000.0, 0.00485702], [122850000.0, 0.18108492]], "asks": [[123340000.0, 0.00362153], [123320000.0, 0.21452713], [123310000.0, 0.00040629], [123300000.0, 0.01], [123280000.0, 0.01392115], [123260000.0, 0.22920185], [123200000.0, 0.22265703], [123190000.0, 0.00109234], [123090000.0, 0.02], [123080000.0, 0.82034019]]},
{"timestamp": 1743933679686, "bids": [[122940000.0, 0.10783571], [122930000.0, 0.00922971], [122920000.0, 0.12975407], [122910000.0, 0.18340367], [122900000.0, 0.28270592], [122890000.0, 0.00886679], [122880000.0, 0.02008138], [122870000.0, 0.03628138], [122860000.0, 0.00485702], [122850000.0, 0.18108492]], "asks": [[123340000.0, 0.00362153], [123320000.0, 0.21452713], [123310000.0, 0.00040629], [123300000.0, 0.01], [123280000.0, 0.01392115], [123260000.0, 0.22920185], [123200000.0, 0.22265703], [123190000.0, 0.00109234], [123090000.0, 0.02], [123080000.0, 0.82034019]]},
{"timestamp": 1743933680134, "bids": [[122940000.0, 0.10783571], [122930000.0, 0.00922971], [122920000.0, 0.12975407], [122910000.0, 0.18340367], [122900000.0, 0.28270592], [122890000.0, 0.00886679], [122880000.0, 0.02008138], [122870000.0, 8.138e-05], [122860000.0, 0.00485702], [122850000.0, 0.18108492]], "asks": [[123340000.0, 0.00362153], [123320000.0, 0.21452713], [123310000.0, 0.00040629], [123300000.0, 0.01], [123280000.0, 0.01392115], [123260000.0, 0.22920185], [123200000.0, 0.22265703], [123190000.0, 0.00109234], [123090000.0, 0.02], [123080000.0, 0.82034019]]},
{"timestamp": 1743933680816, "bids": [[122940000.0, 0.10783571], [122930000.0, 0.00922971], [122920000.0, 0.12975407], [122910000.0, 0.18340367], [122900000.0, 0.28270592], [122890000.0, 0.00886679], [122880000.0, 0.02008138], [122870000.0, 8.138e-05], [122860000.0, 0.00485702], [122850000.0, 0.18108492]], "asks": [[123340000.0, 0.00362153], [123320000.0, 0.21452713], [123310000.0, 0.00040629], [123300000.0, 0.01], [123280000.0, 0.01392115], [123260000.0, 0.22920185], [123200000.0, 0.22265703], [123190000.0, 0.00109234], [123090000.0, 0.02], [123080000.0, 0.12700327]]},
{"timestamp": 1743933680935, "bids": [[122940000.0, 0.10783571], [122930000.0, 0.00922971], [122920000.0, 0.12975407], [122910000.0, 0.18340367], [122900000.0, 0.28270592], [122890000.0, 0.00886679], [122880000.0, 0.02008138], [122870000.0, 8.138e-05], [122860000.0, 0.00485702], [122850000.0, 0.18108492]], "asks": [[123320000.0, 0.21452713], [123310000.0, 0.00040629], [123300000.0, 0.01], [123280000.0, 0.01392115], [123260000.0, 0.22920185], [123200000.0, 0.22265703], [123190000.0, 0.00109234], [123090000.0, 0.02], [123080000.0, 0.12700327], [123070000.0, 0.6913533]]},
{"timestamp": 1743933681183, "bids": [[122940000.0, 0.10783571], [122930000.0, 0.00922971], [122920000.0, 0.12975407], [122910000.0, 0.18340367], [122900000.0, 0.28270592], [122890000.0, 0.00886679], [122880000.0, 0.02008138], [122870000.0, 8.138e-05], [122860000.0, 0.04095702], [122850000.0, 0.18108492]], "asks": [[123320000.0, 0.21452713], [123310000.0, 0.00040629], [123300000.0, 0.01], [123280000.0, 0.01392115], [123260000.0, 0.22920185], [123200000.0, 0.22265703], [123190000.0, 0.00109234], [123090000.0, 0.02], [123080000.0, 0.12700327], [123070000.0, 0.6913533]]},
{"timestamp": 1743933684280, "bids": [[122940000.0, 0.10783571], [122930000.0, 0.00922971], [122920000.0, 0.12975407], [122910000.0, 0.18340367], [122900000.0, 0.28270592], [122890000.0, 0.00886679], [122880000.0, 0.02008138], [122870000.0, 8.138e-05], [122860000.0, 0.04095702], [122850000.0, 0.18108492]], "asks": [[123320000.0, 0.21452713], [123310000.0, 0.00040629], [123300000.0, 0.01], [123280000.0, 0.01392115], [123260000.0, 0.22920185], [123200000.0, 0.22265703], [123190000.0, 0.00109234], [123090000.0, 0.02], [123080000.0, 0.12700327], [123070000.0, 0.6913533]]},
{"timestamp": 1743933684677, "bids": [[122940000.0, 0.10783571], [122930000.0, 0.00922971], [122920000.0, 0.12975407], [122910000.0, 0.18340367], [122900000.0, 0.28270592], [122890000.0, 0.00886679], [122880000.0, 0.02008138], [122870000.0, 8.138e-05], [122860000.0, 0.04095702], [122850000.0, 0.18108492]], "asks": [[123320000.0, 0.21452713], [123310000.0, 0.00040629], [123300000.0, 0.01], [123280000.0, 0.01392115], [123260000.0, 0.22920185], [123200000.0, 0.22265703], [123190000.0, 0.00109234], [123090000.0, 0.02], [123080000.0, 0.12700327], [123070000.0, 0.6913533]]},
{"timestamp": 1743933687080, "bids": [[122940000.0, 0.10783571], [122930000.0, 0.00922971], [122920000.0, 0.12975407], [122910000.0, 0.18340367], [122900000.0, 0.28270592], [122890000.0, 0.00886679], [122880000.0, 0.02008138], [122870000.0, 8.138e-05], [122860000.0, 0.04095702], [122850000.0, 0.18108492]], "asks": [[123320000.0, 0.21452713], [123310000.0, 0.00040629], [123300000.0, 0.01], [123280000.0, 0.01392115], [123260000.0, 0.22920185], [123200000.0, 0.22265703], [123190000.0, 0.00109234], [123090000.0, 0.02], [123080000.0, 0.12700327], [123070000.0, 0.6913533]]},
{"timestamp": 1743933687275, "bids": [[122940000.0, 0.10783571], [122930000.0, 0.00922971], [122920000.0, 0.12975407], [122910000.0, 0.18340367], [122900000.0, 0.28270592], [122890000.0, 0.00886679], [122880000.0, 0.02008138], [122870000.0, 8.138e-05], [122860000.0, 0.04095702], [122850000.0, 0.18108492]], "asks": [[123320000.0, 0.21452713], [123310000.0, 0.00040629], [123300000.0, 0.01], [123280000.0, 0.01392115], [123260000.0, 0.22920185], [123200000.0, 0.22265703], [123190000.0, 0.00109234], [123090000.0, 0.02], [123080000.0, 0.10975375], [123070000.0, 0.7085948]]},
{"timestamp": 1743933689364, "bids": [[122940000.0, 0.10783571], [122930000.0, 0.00922971], [122920000.0, 0.12975407], [122910000.0, 0.18340367], [122900000.0, 0.28270592], [122890000.0, 0.00886679], [122880000.0, 0.02008138], [122870000.0, 8.138e-05], [122860000.0, 0.04095702], [122850000.0, 0.18108492]], "asks": [[123320000.0, 0.21452713], [123310000.0, 0.00040629], [123300000.0, 0.01], [123280000.0, 0.01392115], [123260000.0, 0.22920185], [123200000.0, 0.22265703], [123190000.0, 0.00109234], [123090000.0, 0.02], [123080000.0, 0.10975375], [123070000.0, 0.7085948]]},
{"timestamp": 1743933689664, "bids": [[122940000.0, 0.10783571], [122930000.0, 0.00922971], [122920000.0, 0.12975407], [122910000.0, 0.18340367], [122900000.0, 0.28270592], [122890000.0, 0.00886679], [122880000.0, 0.02008138], [122870000.0, 8.138e-05], [122860000.0, 0.04095702], [122850000.0, 0.18108492]], "asks": [[123320000.0, 0.21452713], [123310000.0, 0.00040629], [123300000.0, 0.01], [123280000.0, 0.01392115], [123260000.0, 0.22920185], [123200000.0, 0.22265703], [123190000.0, 0.00109234], [123090000.0, 0.02], [123080000.0, 0.10975375], [123070000.0, 0.7085948]]},
{"timestamp": 1743933692558, "bids": [[122940000.0, 0.10783571], [122930000.0, 0.00922971], [122920000.0, 0.12975407], [122910000.0, 0.18340367], [122900000.0, 0.28270592], [122890000.0, 0.00886679], [122880000.0, 0.02008138], [122870000.0, 8.138e-05], [122860000.0, 0.04095702], [122850000.0, 0.18108492]], "asks": [[123320000.0, 0.21452713], [123310000.0, 0.00040629], [123300000.0, 0.01], [123280000.0, 0.01392115], [123260000.0, 0.22920185], [123200000.0, 0.22265703], [123190000.0, 0.0025876], [123090000.0, 0.02], [123080000.0, 0.10975375], [123070000.0, 0.7085948]]},
{"timestamp": 1743933694179, "bids": [[122940000.0, 0.10783571], [122930000.0, 0.00922971], [122920000.0, 0.12975407], [122910000.0, 0.18340367], [122900000.0, 0.28270592], [122890000.0, 0.00886679], [122880000.0, 0.02008138], [122870000.0, 8.138e-05], [122860000.0, 0.04095702], [122850000.0, 0.18108492]], "asks": [[123320000.0, 0.21452713], [123310000.0, 0.00040629], [123300000.0, 0.01], [123280000.0, 0.01392115], [123260000.0, 0.22920185], [123200000.0, 0.22265703], [123190000.0, 0.0025876], [123090000.0, 0.02], [123080000.0, 0.10975375], [123070000.0, 0.7085948]]},
{"timestamp": 1743933694371, "bids": [[122940000.0, 0.10783571], [122930000.0, 0.00922971], [122920000.0, 0.12975407], [122910000.0, 0.18340367], [122900000.0, 0.28270592], [122890000.0, 0.00886679], [122880000.0, 0.02008138], [122870000.0, 8.138e-05], [122860000.0, 0.04095702], [122850000.0, 0.18108492]], "asks": [[123320000.0, 0.21452713], [123310000.0, 0.00040629], [123300000.0, 0.01], [123280000.0, 0.01392115], [123260000.0, 0.22920185], [123200000.0, 0.22265703], [123190000.0, 0.0025876], [123090000.0, 0.02], [123080000.0, 0.10975375], [123070000.0, 0.7085948]]},
{"timestamp": 1743933694666, "bids": [[122940000.0, 0.10783571], [122930000.0, 0.00922971], [122920000.0, 0.12975407], [122910000.0, 0.18340367], [122900000.0, 0.28270592], [122890000.0, 0.00886679], [122880000.0, 0.02008138], [122870000.0, 8.138e-05], [122860000.0, 0.04095702], [122850000.0, 0.18108492]], "asks": [[123320000.0, 0.21452713], [123310000.0, 0.00040629], [123300000.0, 0.01], [123280000.0, 0.01392115], [123260000.0, 0.22920185], [123200000.0, 0.22265703], [123190000.0, 0.0025876], [123090000.0, 0.02], [123080000.0, 0.10975375], [123070000.0, 0.7085948]]},
{"timestamp": 1743933698873, "bids": [[122940000.0, 0.10783571], [122930000.0, 0.00922971], [122920000.0, 0.12975407], [122910000.0, 0.18340367], [122900000.0, 0.28270592], [122890000.0, 0.00886679], [122880000.0, 0.02008138], [122870000.0, 8.138e-05], [122860000.0, 0.04095702], [122850000.0, 0.18108492]], "asks": [[123320000.0, 0.21452713], [123310000.0, 0.00040629], [123300000.0, 0.01], [123280000.0, 0.01392115], [123260000.0, 0.22920185], [123200000.0, 0.22265703], [123190000.0, 0.0025876], [123090000.0, 0.02], [123080000.0, 0.10975375], [123070000.0, 0.7085948]]},
{"timestamp": 1743933699031, "bids": [[122940000.0, 0.10783571], [122930000.0, 0.00922971], [122920000.0, 0.12975407], [122910000.0, 0.18340367], [122900000.0, 0.28270592], [122890000.0, 0.00886679], [122880000.0, 0.02008138], [122870000.0, 8.138e-05], [122860000.0, 0.04095702], [122850000.0, 0.18108492]], "asks": [[123320000.0, 0.21452713], [123310000.0, 0.00040629], [123300000.0, 0.01], [123280000.0, 0.01392115], [123260000.0, 0.22920185], [123200000.0, 0.22265703], [123190000.0, 0.0025876], [123090000.0, 0.02], [123080000.0, 0.10975375], [123070000.0, 0.7085948]]},
{"timestamp": 1743933699369, "bids": [[122940000.0, 0.10513571], [122930000.0, 0.00922971], [122920000.0, 0.12975407], [122910000.0, 0.18340367], [122900000.0, 0.28270592], [122890000.0, 0.00886679], [122880000.0, 0.02008138], [122870000.0, 8.138e-05], [122860000.0, 0.04095702], [122850000.0, 0.18108492]], "asks": [[123320000.0, 0.21452713], [123310000.0, 0.00040629], [123300000.0, 0.01], [123280000.0, 0.01392115], [123260000.0, 0.22920185], [123200000.0, 0.22265703], [123190000.0, 0.0025876], [123090000.0, 0.02], [123080000.0, 0.10975375], [123070000.0, 0.7085948]]},
{"timestamp": 1743933699666, "bids": [[122940000.0, 0.10513571], [122930000.0, 0.00922971], [122920000.0, 0.12975407], [122910000.0, 0.18340367], [122900000.0, 0.28270592], [122890000.0, 0.00886679], [122880000.0, 0.02008138], [122870000.0, 8.138e-05], [122860000.0, 0.04095702], [122850000.0, 0.18108492]], "asks": [[123320000.0, 0.21452713], [123310000.0, 0.00040629], [123300000.0, 0.01], [123280000.0, 0.01392115], [123260000.0, 0.22920185], [123200000.0, 0.22265703], [123190000.0, 0.00248938], [123090000.0, 0.02], [123080000.0, 0.10975375], [123070000.0, 0.7085948]]},
{"timestamp": 1743933702603, "bids": [[122940000.0, 0.10513571], [122930000.0, 0.00922971], [122920000.0, 0.12975407], [122910000.0, 0.18340367], [122900000.0, 0.28270592], [122890000.0, 0.00886679], [122880000.0, 0.02008138], [122870000.0, 8.138e-05], [122860000.0, 0.04095702], [122850000.0, 0.18108492]], "asks": [[123320000.0, 0.21452713], [123310000.0, 0.00040629], [123300000.0, 0.01], [123280000.0, 0.01392115], [123260000.0, 0.22920185], [123200000.0, 0.22265703], [123190000.0, 0.00248938], [123090000.0, 0.02], [123080000.0, 0.10975375], [123070000.0, 0.7085948]]},
{"timestamp": 1743933704374, "bids": [[122940000.0, 0.10513571], [122930000.0, 0.00922971], [122920000.0, 0.12975407], [122910000.0, 0.18340367], [122900000.0, 0.28270592], [122890000.0, 0.00886679], [122880000.0, 0.02008138], [122870000.0, 8.138e-05], [122860000.0, 0.04095702], [122850000.0, 0.18108492]], "asks": [[123320000.0, 0.21452713], [123310000.0, 0.00040629], [123300000.0, 0.01], [123280000.0, 0.01392115], [123260000.0, 0.22920185], [123200000.0, 0.22265703], [123190000.0, 0.00248938], [123090000.0, 0.02], [123080000.0, 0.10975375], [123070000.0, 0.7085948]]},
{"timestamp": 1743933704673, "bids": [[122940000.0, 0.10513571], [122930000.0, 0.00922971], [122920000.0, 0.12975407], [122910000.0, 0.18340367], [122900000.0, 0.28270592], [122890000.0, 0.00886679], [122880000.0, 0.02008138], [122870000.0, 8.138e-05], [122860000.0, 0.04095702], [122850000.0, 0.18108492]], "asks": [[123320000.0, 0.21452713], [123310000.0, 0.00040629], [123300000.0, 0.01], [123280000.0, 0.01392115], [123260000.0, 0.22920185], [123200000.0, 0.22265703], [123190000.0, 0.00248938], [123090000.0, 0.02], [123080000.0, 0.10975375], [123070000.0, 0.7085948]]},
{"timestamp": 1743933705077, "bids": [[122940000.0, 0.10513571], [122930000.0, 0.00922971], [122920000.0, 0.12975407], [122910000.0, 0.18340367], [122900000.0, 0.28270592], [122890000.0, 0.00886679], [122880000.0, 0.02008138], [122870000.0, 8.138e-05], [122860000.0, 0.04095702], [122850000.0, 0.18108492]], "asks": [[123320000.0, 0.21452713], [123310000.0, 0.00040629], [123300000.0, 0.01], [123280000.0, 0.01392115], [123260000.0, 0.22920185], [123200000.0, 0.22265703], [123190000.0, 0.00248938], [123090000.0, 0.02], [123080000.0, 0.10975375], [123070000.0, 0.7085948]]},
{"timestamp": 1743933709372, "bids": [[122940000.0, 0.10513571], [122930000.0, 0.00922971], [122920000.0, 0.12975407], [122910000.0, 0.18340367], [122900000.0, 0.28270592], [122890000.0, 0.00886679], [122880000.0, 0.02008138], [122870000.0, 8.138e-05], [122860000.0, 0.04095702], [122850000.0, 0.18108492]], "asks": [[123320000.0, 0.21452713], [123310000.0, 0.00040629], [123300000.0, 0.01], [123280000.0, 0.01392115], [123260000.0, 0.22920185], [123200000.0, 0.22265703], [123190000.0, 0.00248938], [123090000.0, 0.02], [123080000.0, 0.10975375], [123070000.0, 0.7085948]]},
{"timestamp": 1743933709668, "bids": [[122940000.0, 0.10513571], [122930000.0, 0.00922971], [122920000.0, 0.12975407], [122910000.0, 0.18340367], [122900000.0, 0.28270592], [122890000.0, 0.00886679], [122880000.0, 0.02008138], [122870000.0, 8.138e-05], [122860000.0, 0.04095702], [122850000.0, 0.18108492]], "asks": [[123320000.0, 0.21452713], [123310000.0, 0.00040629], [123300000.0, 0.01], [123280000.0, 0.01392115], [123260000.0, 0.22920185], [123200000.0, 0.22265703], [123190000.0, 0.00248938], [123090000.0, 0.02], [123080000.0, 0.10975375], [123070000.0, 0.7085948]]},
{"timestamp": 1743933712180, "bids": [[122940000.0, 0.10513571], [122930000.0, 0.00922971], [122920000.0, 0.12975407], [122910000.0, 0.18340367], [122900000.0, 0.28270592], [122890000.0, 0.00886679], [122880000.0, 0.02008138], [122870000.0, 8.138e-05], [122860000.0, 0.00485702], [122850000.0, 0.18108492]], "asks": [[123320000.0, 0.21452713], [123310000.0, 0.00040629], [123300000.0, 0.01], [123280000.0, 0.01392115], [123260000.0, 0.22920185], [123200000.0, 0.22265703], [123190000.0, 0.00248938], [123090000.0, 0.02], [123080000.0, 0.10975375], [123070000.0, 0.7085948]]},
{"timestamp": 1743933712348, "bids": [[122940000.0, 0.10513571], [122930000.0, 0.00922971], [122920000.0, 0.12975407], [122910000.0, 0.18340367], [122900000.0, 0.28270592], [122890000.0, 0.00886679], [122880000.0, 0.02008138], [122870000.0, 8.138e-05], [122860000.0, 0.00485702], [122850000.0, 0.21718492]], "asks": [[123320000.0, 0.21452713], [123310000.0, 0.00040629], [123300000.0, 0.01], [123280000.0, 0.01392115], [123260000.0, 0.22920185], [123200000.0, 0.22265703], [123190000.0, 0.00248938], [123090000.0, 0.02], [123080000.0, 0.10975375], [123070000.0, 0.7085948]]},
{"timestamp": 1743933712621, "bids": [[122940000.0, 0.10513571], [122930000.0, 0.00922971], [122920000.0, 0.12975407], [122910000.0, 0.18340367], [122900000.0, 0.28270592], [122890000.0, 0.00886679], [122880000.0, 0.02008138], [122870000.0, 8.138e-05], [122860000.0, 0.00485702], [122850000.0, 0.21718492]], "asks": [[123320000.0, 0.21452713], [123310000.0, 0.00040629], [123300000.0, 0.01], [123280000.0, 0.01392115], [123260000.0, 0.22920185], [123200000.0, 0.22265703], [123190000.0, 0.00248938], [123090000.0, 0.02], [123080000.0, 0.10975375], [123070000.0, 0.7085948]]},
{"timestamp": 1743933712795, "bids": [[122940000.0, 0.10513571], [122930000.0, 0.00922971], [122920000.0, 0.12975407], [122910000.0, 0.18340367], [122900000.0, 0.28270592], [122890000.0, 0.00886679], [122880000.0, 0.02008138], [122870000.0, 8.138e-05], [122860000.0, 0.00485702], [122850000.0, 0.21718492]], "asks": [[123320000.0, 0.21452713], [123310000.0, 0.00040629], [123300000.0, 0.01], [123280000.0, 0.01392115], [123260000.0, 0.22920185], [123200000.0, 0.22265703], [123190000.0, 0.00248938], [123090000.0, 0.02], [123080000.0, 0.10975375], [123070000.0, 0.7085948]]},
{"timestamp": 1743933714368, "bids": [[122940000.0, 0.10513571], [122930000.0, 0.00922971], [122920000.0, 0.12975407], [122910000.0, 0.18340367], [122900000.0, 0.28270592], [122890000.0, 0.00886679], [122880000.0, 0.02008138], [122870000.0, 8.138e-05], [122860000.0, 0.00485702], [122850000.0, 0.21718492]], "asks": [[123320000.0, 0.21452713], [123310000.0, 0.00040629], [123300000.0, 0.01], [123280000.0, 0.01392115], [123260000.0, 0.22920185], [123200000.0, 0.22265703], [123190000.0, 0.00248938], [123090000.0, 0.02], [123080000.0, 0.10975375], [123070000.0, 0.7085948]]},
{"timestamp": 1743933714673, "bids": [[122940000.0, 0.10513571], [122930000.0, 0.00922971], [122920000.0, 0.12975407], [122910000.0, 0.18340367], [122900000.0, 0.28270592], [122890000.0, 0.00886679], [122880000.0, 0.02008138], [122870000.0, 8.138e-05], [122860000.0, 0.00485702], [122850000.0, 0.21718492]], "asks": [[123320000.0, 0.21452713], [123310000.0, 0.00040629], [123300000.0, 0.01], [123280000.0, 0.01392115], [123260000.0, 0.22920185], [123200000.0, 0.22265703], [123190000.0, 0.00248938], [123090000.0, 0.02], [123080000.0, 0.10975375], [123070000.0, 0.7085948]]},
{"timestamp": 1743933714975, "bids": [[122940000.0, 0.10513571], [122930000.0, 0.00922971], [122920000.0, 0.12975407], [122910000.0, 0.18340367], [122900000.0, 0.28270592], [122890000.0, 0.00886679], [122880000.0, 0.02008138], [122870000.0, 8.138e-05], [122860000.0, 0.00485702], [122850000.0, 0.21718492]], "asks": [[123320000.0, 0.21452713], [123310000.0, 0.00040629], [123300000.0, 0.01], [123280000.0, 0.01392115], [123260000.0, 0.22920185], [123200000.0, 0.22265703], [123190000.0, 0.00248938], [123090000.0, 0.02], [123080000.0, 0.10975375], [123070000.0, 0.7085948]]},
{"timestamp": 1743933715645, "bids": [[122940000.0, 0.10513571], [122930000.0, 0.00922971], [122920000.0, 0.12975407], [122910000.0, 0.00840367], [122900000.0, 0.00828789], [122890000.0, 0.00886679], [122880000.0, 0.19508138], [122870000.0, 8.138e-05], [122860000.0, 0.00485702], [122850000.0, 0.21718492]], "asks": [[123320000.0, 0.21452713], [123310000.0, 0.00040629], [123300000.0, 0.01], [123280000.0, 0.01392115], [123260000.0, 0.22920185], [123200000.0, 0.22265703], [123190000.0, 0.00248938], [123090000.0, 0.02], [123080000.0, 0.10975375], [123070000.0, 0.7085948]]},
{"timestamp": 1743933715786, "bids": [[122940000.0, 0.10513571], [122930000.0, 0.00922971], [122920000.0, 0.12975407], [122910000.0, 0.00840367], [122900000.0, 0.00828789], [122890000.0, 0.29111417], [122880000.0, 0.19508138], [122870000.0, 8.138e-05], [122860000.0, 0.00485702], [122850000.0, 0.18108492]], "asks": [[123320000.0, 0.21452713], [123310000.0, 0.00040629], [123300000.0, 0.01], [123280000.0, 0.01392115], [123260000.0, 0.22920185], [123200000.0, 0.22265703], [123190000.0, 0.00248938], [123090000.0, 0.02], [123080000.0, 0.10975375], [123070000.0, 0.7085948]]},
{"timestamp": 1743933715970, "bids": [[122940000.0, 0.10513571], [122930000.0, 0.00922971], [122920000.0, 0.12975407], [122910000.0, 0.00840367], [122900000.0, 0.00828789], [122890000.0, 0.29111417], [122880000.0, 0.19508138], [122870000.0, 8.138e-05], [122860000.0, 0.00485702], [122850000.0, 0.18108492]], "asks": [[123320000.0, 0.21452713], [123310000.0, 0.00040629], [123300000.0, 0.01], [123280000.0, 0.01392115], [123260000.0, 0.22920185], [123200000.0, 0.22265703], [123190000.0, 0.01727273], [123090000.0, 0.02], [123080000.0, 0.10975375], [123070000.0, 0.7085948]]},
{"timestamp": 1743933716567, "bids": [[122940000.0, 0.10513571], [122930000.0, 0.00922971], [122920000.0, 0.12975407], [122910000.0, 0.00840367], [122900000.0, 0.00828789], [122890000.0, 0.29111417], [122880000.0, 0.19508138], [122870000.0, 8.138e-05], [122860000.0, 0.00485702], [122850000.0, 0.18108492]], "asks": [[123320000.0, 0.21452713], [123310000.0, 0.00040629], [123300000.0, 0.01], [123280000.0, 0.01392115], [123260000.0, 0.22920185], [123200000.0, 0.22265703], [123190000.0, 0.01727273], [123090000.0, 0.02], [123080000.0, 0.10975375], [123070000.0, 0.7085948]]},
{"timestamp": 1743933716912, "bids": [[122940000.0, 0.10513571], [122930000.0, 0.00922971], [122920000.0, 0.12975407], [122910000.0, 0.00840367], [122900000.0, 0.00828789], [122890000.0, 0.29111417], [122880000.0, 0.19508138], [122870000.0, 8.138e-05], [122860000.0, 0.00485702], [122850000.0, 0.18108492]], "asks": [[123340000.0, 0.00362153], [123320000.0, 0.21452713], [123310000.0, 0.00040629], [123300000.0, 0.01], [123280000.0, 0.01392115], [123260000.0, 0.22920185], [123200000.0, 0.22265703], [123090000.0, 0.02], [123080000.0, 0.10975375], [123070000.0, 0.7085948]]},
{"timestamp": 1743933717667, "bids": [[122940000.0, 0.10513571], [122930000.0, 0.00922971], [122920000.0, 0.12975407], [122910000.0, 0.00840367], [122900000.0, 0.00828789], [122890000.0, 0.29111417], [122880000.0, 0.19508138], [122870000.0, 8.138e-05], [122860000.0, 0.00485702], [122850000.0, 0.18108492]], "asks": [[123340000.0, 0.00362153], [123320000.0, 0.21452713], [123310000.0, 0.00040629], [123300000.0, 0.01], [123280000.0, 0.01392115], [123260000.0, 0.22920185], [123200000.0, 0.22265703], [123090000.0, 0.02], [123080000.0, 0.10975375], [123070000.0, 0.7085948]]},
