[
{"timestamp": 1743938525113, "bids": [[122440000.0, 0.06194551], [122430000.0, 0.02008167], [122420000.0, 0.00082166], [122410000.0, 0.0496912], [122400000.0, 0.20814598], [122390000.0, 0.25081991], [122380000.0, 0.00098053], [122370000.0, 0.18174395], [122360000.0, 0.00072335], [122350000.0, 0.14029787]], "asks": [[122850000.0, 0.047], [122840000.0, 0.00131935], [122810000.0, 0.22287499], [122780000.0, 0.002], [122710000.0, 0.0077], [122670000.0, 0.21873375], [122650000.0, 0.02555093], [122590000.0, 0.00589418], [122580000.0, 0.195], [122550000.0, 0.70009409]]},
{"timestamp": 1743938537655, "bids": [[122440000.0, 0.02944551], [122430000.0, 0.02008167], [122420000.0, 0.00082166], [122410000.0, 0.0496912], [122400000.0, 0.20814598], [122390000.0, 0.25081991], [122380000.0, 0.00098053], [122370000.0, 0.18174395], [122360000.0, 0.00072335], [122350000.0, 0.14029787]], "asks": [[122850000.0, 0.047], [122840000.0, 0.00131935], [122810000.0, 0.22287499], [122780000.0, 0.002], [122710000.0, 0.0077], [122670000.0, 0.21873375], [122650000.0, 0.02555093], [122590000.0, 0.00589418], [122580000.0, 0.195], [122550000.0, 0.70009409]]},
{"timestamp": 1743938539366, "bids": [[122440000.0, 0.02944551], [122430000.0, 0.02008167], [122420000.0, 0.00082166], [122410000.0, 0.0496912], [122400000.0, 0.20814598], [122390000.0, 0.25081991], [122380000.0, 0.00098053], [122370000.0, 0.18174395], [122360000.0, 0.00072335], [122350000.0, 0.14029787]], "asks": [[122850000.0, 0.047], [122840000.0, 0.00131935], [122810000.0, 0.22287499], [122780000.0, 0.002], [122710000.0, 0.0077], [122670000.0, 0.21873375], [122650000.0, 0.02555093], [122590000.0, 0.00589418], [122580000.0, 0.195], [122550000.0, 0.70009409]]},
{"timestamp": 1743938539668, "bids": [[122440000.0, 0.02944551], [122430000.0, 0.02008167], [122420000.0, 0.00082166], [122410000.0, 0.0496912], [122400000.0, 0.20814598], [122390000.0, 0.25081991], [122380000.0, 0.00098053], [122370000.0, 0.18174395], [122360000.0, 0.00072335], [122350000.0, 0.14029787]], "asks": [[122850000.0, 0.047], [122840000.0, 0.00131935], [122810000.0, 0.22287499], [122780000.0, 0.002], [122710000.0, 0.0077], [122670000.0, 0.21873375], [122650000.0, 0.02555093], [122590000.0, 0.00589418], [122580000.0, 0.195], [122550000.0, 0.70009409]]},
{"timestamp": 1743938540236, "bids": [[122440000.0, 0.02944551], [122430000.0, 0.02008167], [122420000.0, 0.00082166], [122410000.0, 0.0496912], [122400000.0, 0.20814598], [122390000.0, 0.04477341], [122380000.0, 0.00098053], [122370000.0, 0.18174395], [122360000.0, 0.00072335], [122350000.0, 0.14029787]], "asks": [[122850000.0, 0.047], [122840000.0, 0.00131935], [122810000.0, 0.22287499], [122780000.0, 0.002], [122710000.0, 0.0077], [122670000.0, 0.21873375], [122650000.0, 0.02555093], [122590000.0, 0.00589418], [122580000.0, 0.195], [122550000.0, 0.70009409]]},
{"timestamp": 1743938540354, "bids": [[122440000.0, 0.02944551], [122430000.0, 0.02008167], [122420000.0, 0.00082166], [122410000.0, 0.0496912], [122400000.0, 0.20814598], [122390000.0, 0.35095796], [122380000.0, 0.00098053], [122370000.0, 0.18174395], [122360000.0, 0.00072335], [122350000.0, 0.14029787]], "asks": [[122850000.0, 0.047], [122840000.0, 0.00131935], [122810000.0, 0.22287499], [122780000.0, 0.002], [122710000.0, 0.0077], [122670000.0, 0.21873375], [122650000.0, 0.02555093], [122590000.0, 0.00589418], [122580000.0, 0.195], [122550000.0, 0.70009409]]},
{"timestamp": 1743938540921, "bids": [[122440000.0, 0.02944551], [122430000.0, 0.02008167], [122420000.0, 0.00082166], [122410000.0, 0.0496912], [122400000.0, 0.20814598], [122390000.0, 0.35095796], [122380000.0, 0.00098053], [122370000.0, 0.18174395], [122360000.0, 0.00072335], [122350000.0, 0.14029787]], "asks": [[122850000.0, 0.047], [122840000.0, 0.00131935], [122810000.0, 0.22287499], [122780000.0, 0.002], [122710000.0, 0.0077], [122670000.0, 0.21873375], [122650000.0, 0.02555093], [122590000.0, 0.00589418], [122580000.0, 0.195], [122550000.0, 0.70009409]]},
{"timestamp": 1743938541113, "bids": [[122440000.0, 0.02944551], [122430000.0, 0.02008167], [122420000.0, 0.00082166], [122410000.0, 0.0496912], [122400000.0, 0.20814598], [122390000.0, 0.35095796], [122380000.0, 0.00098053], [122370000.0, 0.18174395], [122360000.0, 0.00072335], [122350000.0, 0.14029787]], "asks": [[122850000.0, 0.047], [122840000.0, 0.00131935], [122810000.0, 0.22287499], [122780000.0, 0.002], [122710000.0, 0.0077], [122670000.0, 0.21873375], [122650000.0, 0.02555093], [122590000.0, 0.00589418], [122580000.0, 0.195], [122550000.0, 0.70009409]]},
{"timestamp": 1743938541483, "bids": [[122440000.0, 0.02944551], [122430000.0, 0.02008167], [122420000.0, 0.00082166], [122410000.0, 0.0496912], [122400000.0, 0.20814598], [122390000.0, 0.35095796], [122380000.0, 0.00098053], [122370000.0, 0.18166224], [122360000.0, 0.00072335], [122350000.0, 0.14029787]], "asks": [[122850000.0, 0.047], [122840000.0, 0.00131935], [122810000.0, 0.22287499], [122780000.0, 0.002], [122710000.0, 0.0077], [122670000.0, 0.21873375], [122650000.0, 0.02555093], [122590000.0, 0.00589418], [122580000.0, 0.195], [122550000.0, 0.70009409]]},
{"timestamp": 1743938544359, "bids": [[122440000.0, 0.02944551], [122430000.0, 0.02008167], [122420000.0, 0.00082166], [122410000.0, 0.0496912], [122400000.0, 0.20814598], [122390000.0, 0.35095796], [122380000.0, 0.00098053], [122370000.0, 0.18166224], [122360000.0, 0.00072335], [122350000.0, 0.14029787]], "asks": [[122850000.0, 0.047], [122840000.0, 0.00131935], [122810000.0, 0.22287499], [122780000.0, 0.002], [122710000.0, 0.0077], [122670000.0, 0.21873375], [122650000.0, 0.02555093], [122590000.0, 0.00589418], [122580000.0, 0.195], [122550000.0, 0.70009409]]},
{"timestamp": 1743938544663, "bids": [[122440000.0, 0.02944551], [122430000.0, 0.02008167], [122420000.0, 0.00082166], [122410000.0, 0.0496912], [122400000.0, 0.20814598], [122390000.0, 0.35095796], [122380000.0, 0.00098053], [122370000.0, 0.18166224], [122360000.0, 0.00072335], [122350000.0, 0.14029787]], "asks": [[122850000.0, 0.047], [122840000.0, 0.00131935], [122810000.0, 0.22287499], [122780000.0, 0.002], [122710000.0, 0.0077], [122670000.0, 0.21873375], [122650000.0, 0.02555093], [122590000.0, 0.00589418], [122580000.0, 0.195], [122550000.0, 0.70009409]]},
{"timestamp": 1743938547072, "bids": [[122440000.0, 0.02944551], [122430000.0, 0.02008167], [122420000.0, 0.00082166], [122410000.0, 0.0496912], [122400000.0, 0.20814598], [122390000.0, 0.35095796], [122380000.0, 0.00098053], [122370000.0, 0.18166224], [122360000.0, 0.00072335], [122350000.0, 0.14029787]], "asks": [[122850000.0, 0.047], [122840000.0, 0.00131935], [122810000.0, 0.22287499], [122780000.0, 0.002], [122710000.0, 0.0077], [122670000.0, 0.21873375], [122650000.0, 0.02555093], [122590000.0, 0.00589418], [122580000.0, 0.175], [122550000.0, 0.70009409]]},
{"timestamp": 1743938549364, "bids": [[122440000.0, 0.02944551], [122430000.0, 0.02008167], [122420000.0, 0.00082166], [122410000.0, 0.0496912], [122400000.0, 0.20814598], [122390000.0, 0.35095796], [122380000.0, 0.00098053], [122370000.0, 0.18166224], [122360000.0, 0.00072335], [122350000.0, 0.14029787]], "asks": [[122850000.0, 0.047], [122840000.0, 0.00131935], [122810000.0, 0.22287499], [122780000.0, 0.002], [122710000.0, 0.0077], [122670000.0, 0.21873375], [122650000.0, 0.02555093], [122590000.0, 0.00589418], [122580000.0, 0.175], [122550000.0, 0.70009409]]},
{"timestamp": 1743938549671, "bids": [[122440000.0, 0.02944551], [122430000.0, 0.02008167], [122420000.0, 0.00082166], [122410000.0, 0.0496912], [122400000.0, 0.20814598], [122390000.0, 0.35095796], [122380000.0, 0.00098053], [122370000.0, 0.18166224], [122360000.0, 0.00072335], [122350000.0, 0.14029787]], "asks": [[122850000.0, 0.047], [122840000.0, 0.00131935], [122810000.0, 0.22287499], [122780000.0, 0.002], [122710000.0, 0.0077], [122670000.0, 0.21873375], [122650000.0, 0.02555093], [122590000.0, 0.00589418], [122580000.0, 0.175], [122550000.0, 0.70009409]]},
{"timestamp": 1743938550700, "bids": [[122440000.0, 0.02944551], [122430000.0, 0.02008167], [122420000.0, 0.00082166], [122410000.0, 0.0496912], [122400000.0, 0.20814598], [122390000.0, 0.35095796], [122380000.0, 0.00098053], [122370000.0, 0.18166224], [122360000.0, 0.00072335], [122350000.0, 0.14029787]], "asks": [[122890000.0, 0.22324553], [122850000.0, 0.047], [122840000.0, 0.00131935], [122810000.0, 0.22287499], [122780000.0, 0.002], [122710000.0, 0.0077], [122670000.0, 0.21873375], [122650000.0, 0.02555093], [122590000.0, 0.00589418], [122580000.0, 0.175]]},
{"timestamp": 1743938550819, "bids": [[122440000.0, 0.02944551], [122430000.0, 0.02008167], [122420000.0, 0.00082166], [122410000.0, 0.0496912], [122400000.0, 0.20814598], [122390000.0, 0.35095796], [122380000.0, 0.00098053], [122370000.0, 0.18166224], [122360000.0, 0.00072335], [122350000.0, 0.14029787]], "asks": [[122850000.0, 0.047], [122840000.0, 0.00131935], [122810000.0, 0.22287499], [122780000.0, 0.002], [122710000.0, 0.0077], [122670000.0, 0.21873375], [122650000.0, 0.02555093], [122590000.0, 0.00589418], [122580000.0, 0.175], [122550000.0, 0.70009409]]},
{"timestamp": 1743938551404, "bids": [[122440000.0, 0.02944551], [122430000.0, 0.02008167], [122420000.0, 0.00082166], [122410000.0, 0.0496912], [122400000.0, 0.20814598], [122390000.0, 0.35095796], [122380000.0, 0.00098053], [122370000.0, 0.18166224], [122360000.0, 0.00072335], [122350000.0, 0.14029787]], "asks": [[122850000.0, 0.047], [122840000.0, 0.00131935], [122810000.0, 0.22287499], [122780000.0, 0.002], [122710000.0, 0.0077], [122670000.0, 0.21873375], [122650000.0, 0.02555093], [122590000.0, 0.00589418], [122580000.0, 0.175], [122550000.0, 0.70009409]]},
{"timestamp": 1743938551597, "bids": [[122440000.0, 0.02944551], [122430000.0, 0.02008167], [122420000.0, 0.00082166], [122410000.0, 0.0496912], [122400000.0, 0.20814598], [122390000.0, 0.35095796], [122380000.0, 0.00098053], [122370000.0, 0.18166224], [122360000.0, 0.00072335], [122350000.0, 0.14029787]], "asks": [[122890000.0, 0.22324553], [122850000.0, 0.047], [122840000.0, 0.00131935], [122810000.0, 0.22287499], [122780000.0, 0.002], [122710000.0, 0.0077], [122670000.0, 0.21873375], [122650000.0, 0.02555093], [122590000.0, 0.00589418], [122580000.0, 0.175]]},
{"timestamp": 1743938551767, "bids": [[122440000.0, 0.02944551], [122430000.0, 0.02008167], [122420000.0, 0.00082166], [122410000.0, 0.0496912], [122400000.0, 0.20814598], [122390000.0, 0.35095796], [122380000.0, 0.00098053], [122370000.0, 0.18166224], [122360000.0, 0.00072335], [122350000.0, 0.14029787]], "asks": [[122990000.0, 0.00544501], [122890000.0, 0.22324553], [122850000.0, 0.047], [122840000.0, 0.00131935], [122810000.0, 0.22287499], [122780000.0, 0.002], [122710000.0, 0.0077], [122670000.0, 0.21873375], [122650000.0, 0.02555093], [122590000.0, 0.00589418]]},
{"timestamp": 1743938551873, "bids": [[122440000.0, 0.02944551], [122430000.0, 0.02008167], [122420000.0, 0.00082166], [122410000.0, 0.0496912], [122400000.0, 0.20814598], [122390000.0, 0.35095796], [122380000.0, 0.00098053], [122370000.0, 0.18166224], [122360000.0, 0.00072335], [122350000.0, 0.14029787]], "asks": [[122850000.0, 0.047], [122840000.0, 0.00131935], [122810000.0, 0.22287499], [122780000.0, 0.002], [122710000.0, 0.0077], [122670000.0, 0.21873375], [122650000.0, 0.02555093], [122590000.0, 0.00589418], [122580000.0, 0.175], [122570000.0, 0.00840403]]},
{"timestamp": 1743938551974, "bids": [[122440000.0, 0.02944551], [122430000.0, 0.02865596], [122420000.0, 0.00082166], [122410000.0, 0.0496912], [122400000.0, 0.20814598], [122390000.0, 0.35095796], [122380000.0, 0.00098053], [122370000.0, 0.18166224], [122360000.0, 0.00072335], [122350000.0, 0.14029787]], "asks": [[122850000.0, 0.047], [122840000.0, 0.00131935], [122810000.0, 0.22287499], [122780000.0, 0.002], [122710000.0, 0.0077], [122670000.0, 0.21873375], [122650000.0, 0.02555093], [122590000.0, 0.00589418], [122580000.0, 0.175], [122570000.0, 0.00840403]]},
{"timestamp": 1743938552078, "bids": [[122440000.0, 0.02944551], [122430000.0, 0.02865596], [122420000.0, 0.00082166], [122410000.0, 0.0496912], [122400000.0, 0.20814598], [122390000.0, 0.35095796], [122380000.0, 0.00098053], [122370000.0, 0.18166224], [122360000.0, 0.00072335], [122350000.0, 0.14029787]], "asks": [[122890000.0, 0.22324553], [122850000.0, 0.047], [122840000.0, 0.00131935], [122810000.0, 0.22287499], [122780000.0, 0.002], [122710000.0, 0.0077], [122670000.0, 0.21873375], [122650000.0, 0.02555093], [122590000.0, 0.00589418], [122580000.0, 0.175]]},
{"timestamp": 1743938552249, "bids": [[122440000.0, 0.02944551], [122430000.0, 0.02865596], [122420000.0, 0.00082166], [122410000.0, 0.0496912], [122400000.0, 0.20814598], [122390000.0, 0.35095796], [122380000.0, 0.00098053], [122370000.0, 0.18166224], [122360000.0, 0.00072335], [122350000.0, 0.14029787]], "asks": [[122890000.0, 0.22324553], [122850000.0, 0.047], [122840000.0, 0.00131935], [122810000.0, 0.22287499], [122780000.0, 0.002], [122710000.0, 0.0077], [122670000.0, 0.21873375], [122650000.0, 0.02555093], [122590000.0, 0.00589418], [122580000.0, 0.175]]},
{"timestamp": 1743938552403, "bids": [[122440000.0, 0.02944551], [122430000.0, 0.02865596], [122420000.0, 0.00082166], [122410000.0, 0.0496912], [122400000.0, 0.20814598], [122390000.0, 0.35095796], [122380000.0, 0.00098053], [122370000.0, 0.18166224], [122360000.0, 0.00072335], [122350000.0, 0.13190065]], "asks": [[122850000.0, 0.047], [122840000.0, 0.00131935], [122810000.0, 0.22287499], [122780000.0, 0.002], [122710000.0, 0.0077], [122670000.0, 0.21873375], [122650000.0, 0.02555093], [122590000.0, 0.00589418], [122580000.0, 0.175], [122570000.0, 0.00840403]]},
{"timestamp": 1743938554360, "bids": [[122440000.0, 0.02944551], [122430000.0, 0.02865596], [122420000.0, 0.00082166], [122410000.0, 0.0496912], [122400000.0, 0.20814598], [122390000.0, 0.31465796], [122380000.0, 0.00098053], [122370000.0, 0.18166224], [122360000.0, 0.00072335], [122350000.0, 0.13190065]], "asks": [[122850000.0, 0.047], [122840000.0, 0.00131935], [122810000.0, 0.22287499], [122780000.0, 0.002], [122710000.0, 0.0077], [122670000.0, 0.21873375], [122650000.0, 0.02555093], [122590000.0, 0.00589418], [122580000.0, 0.175], [122570000.0, 0.00840403]]},
{"timestamp": 1743938554653, "bids": [[122440000.0, 0.02944551], [122430000.0, 0.02865596], [122420000.0, 0.00082166], [122410000.0, 0.0496912], [122400000.0, 0.20814598], [122390000.0, 0.31465796], [122380000.0, 0.00098053], [122370000.0, 0.18166224], [122360000.0, 0.00072335], [122350000.0, 0.13190065]], "asks": [[122890000.0, 0.22324553], [122850000.0, 0.047], [122840000.0, 0.00131935], [122810000.0, 0.22287499], [122710000.0, 0.0077], [122670000.0, 0.21873375], [122650000.0, 0.02555093], [122590000.0, 0.00589418], [122580000.0, 0.175], [122570000.0, 0.00840403]]},
{"timestamp": 1743938555175, "bids": [[122440000.0, 0.02944551], [122430000.0, 0.02865596], [122420000.0, 0.00082166], [122410000.0, 0.0496912], [122400000.0, 0.20814598], [122390000.0, 0.31465796], [122380000.0, 0.00098053], [122370000.0, 0.18166224], [122360000.0, 0.00072335], [122350000.0, 0.13190065]], "asks": [[122890000.0, 0.22324553], [122850000.0, 0.047], [122840000.0, 0.00131935], [122810000.0, 0.22287499], [122710000.0, 0.0077], [122670000.0, 0.21873375], [122650000.0, 0.02555093], [122590000.0, 0.00589418], [122580000.0, 0.175], [122570000.0, 0.00840403]]},
{"timestamp": 1743938555377, "bids": [[122440000.0, 0.02944551], [122430000.0, 0.02865596], [122420000.0, 0.00082166], [122410000.0, 0.0496912], [122400000.0, 0.23754598], [122390000.0, 0.31465796], [122380000.0, 0.00098053], [122370000.0, 0.18166224], [122360000.0, 0.00072335], [122350000.0, 0.13190065]], "asks": [[122890000.0, 0.22324553], [122850000.0, 0.047], [122840000.0, 0.00131935], [122810000.0, 0.22287499], [122710000.0, 0.0077], [122670000.0, 0.21873375], [122650000.0, 0.02555093], [122590000.0, 0.00589418], [122580000.0, 0.175], [122570000.0, 0.00840403]]},
{"timestamp": 1743938555814, "bids": [[122440000.0, 0.02944551], [122430000.0, 0.02865596], [122420000.0, 0.00082166], [122410000.0, 0.0496912], [122400000.0, 0.20814598], [122390000.0, 0.31465796], [122380000.0, 0.00098053], [122370000.0, 0.18166224], [122360000.0, 0.00072335], [122350000.0, 0.13190065]], "asks": [[122990000.0, 0.00544501], [122890000.0, 0.22324553], [122850000.0, 0.047], [122840000.0, 0.00131935], [122810000.0, 0.22287499], [122710000.0, 0.0077], [122670000.0, 0.21873375], [122650000.0, 0.02555093], [122590000.0, 0.00589418], [122580000.0, 0.175]]},
{"timestamp": 1743938555942, "bids": [[122440000.0, 0.02944551], [122430000.0, 0.02865596], [122420000.0, 0.00082166], [122410000.0, 0.0496912], [122400000.0, 0.20814598], [122390000.0, 0.31465796], [122380000.0, 0.00098053], [122370000.0, 0.18166224], [122360000.0, 0.00072335], [122350000.0, 0.13190065]], "asks": [[122890000.0, 0.22324553], [122850000.0, 0.047], [122840000.0, 0.00131935], [122810000.0, 0.22287499], [122710000.0, 0.0077], [122670000.0, 0.21873375], [122650000.0, 0.02555093], [122590000.0, 0.00589418], [122580000.0, 0.175], [122570000.0, 0.00840403]]},
{"timestamp": 1743938556063, "bids": [[122440000.0, 0.02944551], [122430000.0, 0.02865596], [122420000.0, 0.00082166], [122410000.0, 0.0496912], [122400000.0, 0.20814598], [122390000.0, 0.34405796], [122380000.0, 0.00098053], [122370000.0, 0.18166224], [122360000.0, 0.00072335], [122350000.0, 0.13190065]], "asks": [[122890000.0, 0.22324553], [122850000.0, 0.047], [122840000.0, 0.00131935], [122810000.0, 0.22287499], [122710000.0, 0.0077], [122670000.0, 0.21873375], [122650000.0, 0.02555093], [122590000.0, 0.00589418], [122580000.0, 0.175], [122570000.0, 0.00840403]]},
{"timestamp": 1743938556226, "bids": [[122440000.0, 0.02944551], [122430000.0, 0.02865596], [122420000.0, 0.00082166], [122410000.0, 0.0496912], [122400000.0, 0.20814598], [122390000.0, 0.34405796], [122380000.0, 0.00098053], [122370000.0, 0.18166224], [122360000.0, 0.00072335], [122350000.0, 0.13190065]], "asks": [[122850000.0, 0.047], [122840000.0, 0.00131935], [122810000.0, 0.22287499], [122710000.0, 0.0077], [122670000.0, 0.21873375], [122650000.0, 0.02555093], [122590000.0, 0.00589418], [122580000.0, 0.175], [122570000.0, 0.00840403], [122560000.0, 0.69368748]]},
{"timestamp": 1743938556697, "bids": [[122440000.0, 0.02944551], [122430000.0, 0.02865596], [122420000.0, 0.00082166], [122410000.0, 0.0496912], [122400000.0, 0.20814598], [122390000.0, 0.34405796], [122380000.0, 0.00098053], [122370000.0, 0.18166224], [122360000.0, 0.00072335], [122350000.0, 0.13190065]], "asks": [[122840000.0, 0.00131935], [122810000.0, 0.22287499], [122710000.0, 0.0077], [122670000.0, 0.21873375], [122650000.0, 0.02555093], [122600000.0, 0.00204496], [122590000.0, 0.00589418], [122580000.0, 0.175], [122570000.0, 0.00840403], [122560000.0, 0.69368748]]},
{"timestamp": 1743938556983, "bids": [[122440000.0, 0.02944551], [122430000.0, 0.02865596], [122420000.0, 0.00082166], [122410000.0, 0.0496912], [122400000.0, 0.20814598], [122390000.0, 0.34405796], [122380000.0, 0.00098053], [122370000.0, 0.18166224], [122360000.0, 0.00072335], [122350000.0, 0.13190065]], "asks": [[122840000.0, 0.00131935], [122810000.0, 0.22287499], [122710000.0, 0.0077], [122670000.0, 0.21873375], [122650000.0, 0.02555093], [122600000.0, 0.00204496], [122590000.0, 0.00589418], [122580000.0, 0.175], [122570000.0, 0.00840403], [122560000.0, 0.69368748]]},
{"timestamp": 1743938557567, "bids": [[122440000.0, 0.02944551], [122430000.0, 0.02865596], [122420000.0, 0.00082166], [122410000.0, 0.0496912], [122400000.0, 0.20814598], [122390000.0, 0.34405796], [122380000.0, 0.00098053], [122370000.0, 0.18166224], [122360000.0, 0.00072335], [122350000.0, 0.13190065]], "asks": [[122840000.0, 0.00131935], [122810000.0, 0.22287499], [122710000.0, 0.0077], [122670000.0, 0.21873375], [122650000.0, 0.02555093], [122600000.0, 0.00204496], [122590000.0, 0.00589418], [122580000.0, 0.175], [122570000.0, 0.00840403], [122560000.0, 0.69368748]]},
{"timestamp": 1743938558033, "bids": [[122440000.0, 0.02944551], [122430000.0, 0.02865596], [122420000.0, 0.00082166], [122410000.0, 0.0496912], [122400000.0, 0.20814598], [122390000.0, 0.34405796], [122380000.0, 0.00098053], [122370000.0, 0.18166224], [122360000.0, 0.00072335], [122350000.0, 0.13190065]], "asks": [[122840000.0, 0.00131935], [122810000.0, 0.22287499], [122710000.0, 0.0077], [122670000.0, 0.21873375], [122650000.0, 0.02555093], [122600000.0, 0.00204496], [122590000.0, 0.00589418], [122580000.0, 0.175], [122570000.0, 0.00840403], [122560000.0, 0.69368748]]},
{"timestamp": 1743938558141, "bids": [[122440000.0, 0.02944551], [122430000.0, 0.02865596], [122420000.0, 0.00082166], [122410000.0, 0.0496912], [122400000.0, 0.20814598], [122390000.0, 0.34405796], [122380000.0, 0.00098053], [122370000.0, 0.18166224], [122360000.0, 0.00072335], [122350000.0, 0.13190065]], "asks": [[122840000.0, 0.00131935], [122810000.0, 0.22287499], [122710000.0, 0.0077], [122670000.0, 0.21873375], [122650000.0, 0.02555093], [122600000.0, 0.00204496], [122590000.0, 0.00589418], [122580000.0, 0.175], [122570000.0, 0.00840403], [122560000.0, 0.69368748]]},
{"timestamp": 1743938559021, "bids": [[122440000.0, 0.02944551], [122430000.0, 0.02865596], [122420000.0, 0.00082166], [122410000.0, 0.0496912], [122400000.0, 0.20814598], [122390000.0, 0.34405796], [122380000.0, 0.00098053], [122370000.0, 0.18166224], [122360000.0, 0.00072335], [122350000.0, 0.13190065]], "asks": [[122890000.0, 0.22324553], [122840000.0, 0.00131935], [122810000.0, 0.22287499], [122710000.0, 0.0077], [122670000.0, 0.21873375], [122650000.0, 0.02555093], [122600000.0, 0.00204496], [122590000.0, 0.00589418], [122580000.0, 0.175], [122570000.0, 0.00840403]]},
{"timestamp": 1743938559143, "bids": [[122440000.0, 0.02944551], [122430000.0, 0.02865596], [122420000.0, 0.00082166], [122410000.0, 0.0496912], [122400000.0, 0.20814598], [122390000.0, 0.34405796], [122380000.0, 0.00098053], [122370000.0, 0.18166224], [122360000.0, 0.00072335], [122350000.0, 0.13190065]], "asks": [[122840000.0, 0.00131935], [122810000.0, 0.22287499], [122790000.0, 0.002], [122710000.0, 0.0077], [122670000.0, 0.21873375], [122650000.0, 0.02555093], [122600000.0, 0.00204496], [122590000.0, 0.00589418], [122580000.0, 0.175], [122570000.0, 0.70088016]]},
{"timestamp": 1743938559379, "bids": [[122440000.0, 0.02944551], [122430000.0, 0.02865596], [122420000.0, 0.00082166], [122410000.0, 0.0496912], [122400000.0, 0.20814598], [122390000.0, 0.34405796], [122380000.0, 0.00098053], [122370000.0, 0.18166224], [122360000.0, 0.00072335], [122350000.0, 0.13190065]], "asks": [[122840000.0, 0.00131935], [122810000.0, 0.22287499], [122790000.0, 0.002], [122710000.0, 0.0077], [122670000.0, 0.21873375], [122650000.0, 0.02555093], [122600000.0, 0.00204496], [122590000.0, 0.00589418], [122580000.0, 0.175], [122570000.0, 0.70088016]]},
{"timestamp": 1743938559481, "bids": [[122440000.0, 0.02944551], [122430000.0, 0.02865596], [122420000.0, 0.00082166], [122410000.0, 0.0496912], [122400000.0, 0.20814598], [122390000.0, 0.31465796], [122380000.0, 0.00098053], [122370000.0, 0.18166224], [122360000.0, 0.00072335], [122350000.0, 0.13190065]], "asks": [[122840000.0, 0.00131935], [122810000.0, 0.22287499], [122790000.0, 0.002], [122710000.0, 0.0077], [122670000.0, 0.21873375], [122650000.0, 0.02555093], [122600000.0, 0.00204496], [122590000.0, 0.00589418], [122580000.0, 0.175], [122570000.0, 0.70088016]]},
{"timestamp": 1743938559609, "bids": [[122440000.0, 0.02944551], [122430000.0, 0.02865596], [122420000.0, 0.00082166], [122410000.0, 0.0790912], [122400000.0, 0.20814598], [122390000.0, 0.31465796], [122380000.0, 0.00098053], [122370000.0, 0.18166224], [122360000.0, 0.00072335], [122350000.0, 0.13190065]], "asks": [[122840000.0, 0.00131935], [122810000.0, 0.22287499], [122790000.0, 0.002], [122710000.0, 0.0077], [122670000.0, 0.21873375], [122650000.0, 0.02555093], [122600000.0, 0.00204496], [122590000.0, 0.00589418], [122580000.0, 0.175], [122570000.0, 0.70088016]]},
{"timestamp": 1743938560776, "bids": [[122440000.0, 0.01164551], [122430000.0, 0.02865596], [122420000.0, 0.00082166], [122410000.0, 0.0790912], [122400000.0, 0.20814598], [122390000.0, 0.31465796], [122380000.0, 0.00098053], [122370000.0, 0.18166224], [122360000.0, 0.00072335], [122350000.0, 0.13190065]], "asks": [[122840000.0, 0.00131935], [122810000.0, 0.22287499], [122790000.0, 0.002], [122710000.0, 0.0077], [122670000.0, 0.21873375], [122650000.0, 0.02555093], [122600000.0, 0.00204496], [122590000.0, 0.00589418], [122580000.0, 0.175], [122570000.0, 0.70088016]]},
{"timestamp": 1743938560885, "bids": [[122440000.0, 0.0234], [122430000.0, 0.02008167], [122420000.0, 0.00082166], [122410000.0, 0.0790912], [122400000.0, 0.20814598], [122390000.0, 0.31465796], [122380000.0, 0.00098053], [122370000.0, 0.18166224], [122360000.0, 0.00072335], [122350000.0, 0.13190065]], "asks": [[122840000.0, 0.00131935], [122810000.0, 0.22287499], [122790000.0, 0.002], [122710000.0, 0.0077], [122670000.0, 0.21873375], [122650000.0, 0.02555093], [122600000.0, 0.00204496], [122590000.0, 0.00589418], [122580000.0, 0.175], [122570000.0, 0.70088016]]},
{"timestamp": 1743938561537, "bids": [[122440000.0, 0.0234], [122430000.0, 0.02008167], [122420000.0, 0.00082166], [122410000.0, 0.0790912], [122400000.0, 0.20814598], [122390000.0, 0.31465796], [122380000.0, 0.00098053], [122370000.0, 0.18166224], [122360000.0, 0.00072335], [122350000.0, 0.02016346]], "asks": [[123280000.0, 0.01392115], [123000000.0, 0.0004065], [122990000.0, 0.00544501], [122840000.0, 0.00131935], [122790000.0, 0.002], [122710000.0, 0.0077], [122650000.0, 0.02555093], [122600000.0, 0.00204496], [122590000.0, 0.00589418], [122580000.0, 0.175]]},
{"timestamp": 1743938561702, "bids": [[122440000.0, 0.0234], [122430000.0, 0.02008167], [122420000.0, 0.00082166], [122410000.0, 0.0790912], [122400000.0, 0.20814598], [122390000.0, 0.31465796], [122380000.0, 0.00098053], [122370000.0, 0.18166224], [122360000.0, 0.00072335], [122350000.0, 0.02016346]], "asks": [[123000000.0, 0.0004065], [122990000.0, 0.00544501], [122900000.0, 0.31722988], [122840000.0, 0.00131935], [122790000.0, 0.002], [122710000.0, 0.0077], [122650000.0, 0.02555093], [122600000.0, 0.00204496], [122590000.0, 0.00589418], [122580000.0, 0.175]]},
{"timestamp": 1743938561811, "bids": [[122440000.0, 0.0234], [122430000.0, 0.02883303], [122420000.0, 0.00082166], [122410000.0, 0.0790912], [122400000.0, 0.20814598], [122390000.0, 0.31465796], [122380000.0, 0.00098053], [122370000.0, 0.18166224], [122360000.0, 0.00072335], [122350000.0, 0.02016346]], "asks": [[122800000.0, 0.2201287], [122790000.0, 0.002], [122740000.0, 0.21782922], [122710000.0, 0.0077], [122680000.0, 0.21987804], [122650000.0, 0.02555093], [122600000.0, 0.00204496], [122590000.0, 0.00589418], [122580000.0, 0.175], [122570000.0, 0.70088016]]},
{"timestamp": 1743938561919, "bids": [[122440000.0, 0.0234], [122430000.0, 0.02883303], [122420000.0, 0.00082166], [122410000.0, 0.0790912], [122400000.0, 0.20814598], [122390000.0, 0.31465796], [122380000.0, 0.00098053], [122370000.0, 0.18166224], [122360000.0, 0.00072335], [122350000.0, 0.02016346]], "asks": [[122800000.0, 0.2201287], [122790000.0, 0.002], [122740000.0, 0.21782922], [122710000.0, 0.0077], [122680000.0, 0.21987804], [122650000.0, 0.02555093], [122600000.0, 0.00204496], [122590000.0, 0.00589418], [122580000.0, 0.175], [122570000.0, 0.70088016]]},
{"timestamp": 1743938562878, "bids": [[122440000.0, 0.0234], [122430000.0, 0.02883303], [122420000.0, 0.00082166], [122410000.0, 0.0790912], [122400000.0, 0.20814598], [122390000.0, 0.31465796], [122380000.0, 0.00098053], [122370000.0, 0.18166224], [122360000.0, 0.00072335], [122350000.0, 0.02016346]], "asks": [[122800000.0, 0.2201287], [122790000.0, 0.002], [122740000.0, 0.21782922], [122710000.0, 0.0077], [122680000.0, 0.21987804], [122650000.0, 0.02555093], [122600000.0, 0.00204496], [122590000.0, 0.00589418], [122580000.0, 0.175], [122570000.0, 0.70088016]]},
{"timestamp": 1743938563046, "bids": [[122440000.0, 0.0234], [122430000.0, 0.02883303], [122420000.0, 0.00082166], [122410000.0, 0.0790912], [122400000.0, 0.20814598], [122390000.0, 0.31465796], [122380000.0, 0.00098053], [122370000.0, 0.18166224], [122360000.0, 0.00072335], [122350000.0, 0.02016346]], "asks": [[122800000.0, 0.2201287], [122790000.0, 0.002], [122740000.0, 0.21782922], [122710000.0, 0.0077], [122680000.0, 0.21987804], [122650000.0, 0.02555093], [122600000.0, 0.00204496], [122590000.0, 0.00589418], [122580000.0, 0.175], [122570000.0, 0.70088016]]},
{"timestamp": 1743938563574, "bids": [[122440000.0, 0.0234], [122430000.0, 0.02883303], [122420000.0, 0.17582166], [122410000.0, 0.0790912], [122400000.0, 0.20814598], [122390000.0, 0.31465796], [122380000.0, 0.00098053], [122370000.0, 0.00666224], [122360000.0, 0.00072335], [122350000.0, 0.02016346]], "asks": [[122840000.0, 0.00131935], [122800000.0, 0.2201287], [122740000.0, 0.21782922], [122710000.0, 0.0077], [122680000.0, 0.21987804], [122650000.0, 0.02555093], [122600000.0, 0.00204496], [122590000.0, 0.00589418], [122580000.0, 0.175], [122570000.0, 0.00840403]]},
{"timestamp": 1743938563678, "bids": [[122440000.0, 0.0234], [122430000.0, 0.02883303], [122420000.0, 0.17582166], [122410000.0, 0.0790912], [122400000.0, 0.20814598], [122390000.0, 0.31465796], [122380000.0, 0.00098053], [122370000.0, 0.00666224], [122360000.0, 0.00072335], [122350000.0, 0.02016346]], "asks": [[122840000.0, 0.00131935], [122800000.0, 0.2201287], [122740000.0, 0.21782922], [122710000.0, 0.0077], [122680000.0, 0.21987804], [122650000.0, 0.02555093], [122600000.0, 0.00204496], [122590000.0, 0.00589418], [122580000.0, 0.86569906], [122570000.0, 0.00840403]]},
{"timestamp": 1743938563944, "bids": [[122440000.0, 0.0234], [122430000.0, 0.02883303], [122420000.0, 0.17582166], [122410000.0, 0.0790912], [122400000.0, 0.20814598], [122390000.0, 0.31465796], [122380000.0, 0.00098053], [122370000.0, 0.00666224], [122360000.0, 0.00072335], [122350000.0, 0.02016346]], "asks": [[122840000.0, 0.00131935], [122800000.0, 0.2201287], [122740000.0, 0.21782922], [122710000.0, 0.0077], [122680000.0, 0.21987804], [122650000.0, 0.02555093], [122600000.0, 0.00204496], [122590000.0, 0.00589418], [122580000.0, 0.86569906], [122570000.0, 0.04470403]]},
{"timestamp": 1743938564295, "bids": [[122440000.0, 0.0234], [122430000.0, 0.02883303], [122420000.0, 0.17582166], [122410000.0, 0.0790912], [122400000.0, 0.20814598], [122390000.0, 0.31465796], [122380000.0, 0.00098053], [122370000.0, 0.00666224], [122360000.0, 0.00072335], [122350000.0, 0.02016346]], "asks": [[122900000.0, 0.31722988], [122870000.0, 0.047], [122840000.0, 0.00131935], [122800000.0, 0.2201287], [122740000.0, 0.21782922], [122710000.0, 0.0077], [122680000.0, 0.21987804], [122650000.0, 0.02555093], [122580000.0, 0.86569906], [122570000.0, 0.04470403]]},
{"timestamp": 1743938564430, "bids": [[122440000.0, 0.0234], [122430000.0, 0.02883303], [122420000.0, 0.17582166], [122410000.0, 0.0790912], [122400000.0, 0.20814598], [122390000.0, 0.31465796], [122380000.0, 0.00098053], [122370000.0, 0.00666224], [122360000.0, 0.00072335], [122350000.0, 0.02016346]], "asks": [[122870000.0, 0.047], [122840000.0, 0.00131935], [122800000.0, 0.2201287], [122740000.0, 0.21782922], [122710000.0, 0.0077], [122680000.0, 0.21987804], [122650000.0, 0.02555093], [122610000.0, 0.00600048], [122580000.0, 0.86569906], [122570000.0, 0.04470403]]},
{"timestamp": 1743938564676, "bids": [[122440000.0, 0.0234], [122430000.0, 0.02883303], [122420000.0, 0.17582166], [122410000.0, 0.0790912], [122400000.0, 0.20814598], [122390000.0, 0.31465796], [122380000.0, 0.00098053], [122370000.0, 0.00666224], [122360000.0, 0.00072335], [122350000.0, 0.02016346]], "asks": [[122870000.0, 0.047], [122840000.0, 0.00070908], [122800000.0, 0.2201287], [122740000.0, 0.21782922], [122710000.0, 0.0077], [122680000.0, 0.21987804], [122650000.0, 0.02555093], [122610000.0, 0.00600048], [122580000.0, 0.86569906], [122570000.0, 0.04470403]]},
{"timestamp": 1743938565086, "bids": [[122440000.0, 0.0234], [122430000.0, 0.02883303], [122420000.0, 0.17582166], [122410000.0, 0.0790912], [122400000.0, 0.20814598], [122390000.0, 0.31465796], [122380000.0, 0.00098053], [122370000.0, 0.00666224], [122360000.0, 0.00072335], [122350000.0, 0.02016346]], "asks": [[122900000.0, 0.31722988], [122870000.0, 0.047], [122800000.0, 0.2201287], [122740000.0, 0.21782922], [122710000.0, 0.0077], [122680000.0, 0.21987804], [122650000.0, 0.02555093], [122610000.0, 0.00600048], [122580000.0, 0.86569906], [122570000.0, 0.04470403]]},
{"timestamp": 1743938566761, "bids": [[122440000.0, 0.0234], [122430000.0, 0.02883303], [122420000.0, 0.17582166], [122410000.0, 0.0790912], [122400000.0, 0.20814598], [122390000.0, 0.31465796], [122380000.0, 0.00098053], [122370000.0, 0.00666224], [122360000.0, 0.11054249], [122350000.0, 0.02016346]], "asks": [[122900000.0, 0.31722988], [122870000.0, 0.047], [122800000.0, 0.2201287], [122740000.0, 0.21782922], [122710000.0, 0.0077], [122680000.0, 0.21987804], [122650000.0, 0.02555093], [122620000.0, 0.00200881], [122610000.0, 0.00600048], [122580000.0, 0.86569906]]},
{"timestamp": 1743938566914, "bids": [[122440000.0, 0.0234], [122430000.0, 0.02883303], [122420000.0, 0.17582166], [122410000.0, 0.0790912], [122400000.0, 0.20814598], [122390000.0, 0.31465796], [122380000.0, 0.00098053], [122370000.0, 0.00666224], [122360000.0, 0.11054249], [122350000.0, 0.02016346]], "asks": [[122990000.0, 0.00544501], [122900000.0, 0.31722988], [122870000.0, 0.047], [122800000.0, 0.2201287], [122740000.0, 0.21782922], [122710000.0, 0.0077], [122680000.0, 0.21987804], [122650000.0, 0.02555093], [122620000.0, 0.00200881], [122610000.0, 0.00600048]]},
{"timestamp": 1743938567071, "bids": [[122440000.0, 0.0234], [122430000.0, 0.02883303], [122420000.0, 0.17582166], [122410000.0, 0.0790912], [122400000.0, 0.20814598], [122390000.0, 0.31465796], [122380000.0, 0.00098053], [122370000.0, 0.00666224], [122360000.0, 0.11054249], [122350000.0, 0.02016346]], "asks": [[122900000.0, 0.31722988], [122870000.0, 0.047], [122800000.0, 0.2201287], [122740000.0, 0.21782922], [122710000.0, 0.0077], [122680000.0, 0.21987804], [122650000.0, 0.02555093], [122620000.0, 0.00200881], [122610000.0, 0.00600048], [122580000.0, 0.86569906]]},
{"timestamp": 1743938568059, "bids": [[122440000.0, 0.0234], [122430000.0, 0.02883303], [122420000.0, 0.17582166], [122410000.0, 0.0790912], [122400000.0, 0.20814598], [122390000.0, 0.31465796], [122380000.0, 0.00098053], [122370000.0, 0.00666224], [122360000.0, 0.11054249], [122350000.0, 0.02016346]], "asks": [[122870000.0, 0.047], [122810000.0, 0.002], [122800000.0, 0.2201287], [122740000.0, 0.21782922], [122710000.0, 0.0077], [122680000.0, 0.21987804], [122650000.0, 0.02555093], [122620000.0, 0.00200881], [122610000.0, 0.00600048], [122580000.0, 0.86569906]]},
{"timestamp": 1743938568190, "bids": [[122440000.0, 0.0234], [122430000.0, 0.02883303], [122420000.0, 0.17582166], [122410000.0, 0.0790912], [122400000.0, 0.20814598], [122390000.0, 0.31465796], [122380000.0, 0.00098053], [122370000.0, 0.00666224], [122360000.0, 0.11054249], [122350000.0, 0.02016346]], "asks": [[122870000.0, 0.047], [122810000.0, 0.002], [122800000.0, 0.2201287], [122740000.0, 0.21782922], [122710000.0, 0.0077], [122680000.0, 0.21987804], [122650000.0, 0.02555093], [122620000.0, 0.00200881], [122610000.0, 0.00600048], [122580000.0, 0.86569906]]},
{"timestamp": 1743938569207, "bids": [[122440000.0, 0.0234], [122430000.0, 0.02883303], [122420000.0, 0.17582166], [122410000.0, 0.0496912], [122400000.0, 0.20814598], [122390000.0, 0.31465796], [122380000.0, 0.00098053], [122370000.0, 0.00666224], [122360000.0, 0.11054249], [122350000.0, 0.02016346]], "asks": [[122810000.0, 0.002], [122800000.0, 0.2201287], [122740000.0, 0.21782922], [122710000.0, 0.0077], [122680000.0, 0.21987804], [122650000.0, 0.02555093], [122620000.0, 0.00200881], [122610000.0, 0.00600048], [122600000.0, 0.0363], [122580000.0, 0.86569906]]},
{"timestamp": 1743938569353, "bids": [[122440000.0, 0.0234], [122430000.0, 0.02883303], [122420000.0, 0.17582166], [122410000.0, 0.0496912], [122400000.0, 0.20814598], [122390000.0, 0.31465796], [122380000.0, 0.00098053], [122370000.0, 0.00666224], [122360000.0, 0.11054249], [122350000.0, 0.02016346]], "asks": [[122810000.0, 0.002], [122800000.0, 0.2201287], [122740000.0, 0.21782922], [122710000.0, 0.0077], [122680000.0, 0.21987804], [122650000.0, 0.02555093], [122620000.0, 0.00200881], [122610000.0, 0.00600048], [122600000.0, 0.0363], [122580000.0, 0.86569906]]},
{"timestamp": 1743938569578, "bids": [[122440000.0, 0.0234], [122430000.0, 0.02883303], [122420000.0, 0.17582166], [122410000.0, 0.0546041], [122400000.0, 0.20814598], [122390000.0, 0.31465796], [122380000.0, 0.00098053], [122370000.0, 0.00666224], [122360000.0, 0.11054249], [122350000.0, 0.02016346]], "asks": [[122810000.0, 0.002], [122800000.0, 0.2201287], [122740000.0, 0.21782922], [122710000.0, 0.0077], [122680000.0, 0.21987804], [122650000.0, 0.02555093], [122620000.0, 0.00200881], [122610000.0, 0.00600048], [122600000.0, 0.0363], [122580000.0, 0.86569906]]},
{"timestamp": 1743938569703, "bids": [[122440000.0, 0.0234], [122430000.0, 0.02883303], [122420000.0, 0.17582166], [122410000.0, 0.0546041], [122400000.0, 0.20814598], [122390000.0, 0.31465796], [122380000.0, 0.00098053], [122370000.0, 0.00666224], [122360000.0, 0.11054249], [122350000.0, 0.02016346]], "asks": [[122870000.0, 0.047], [122810000.0, 0.002], [122800000.0, 0.2201287], [122740000.0, 0.21782922], [122710000.0, 0.0077], [122680000.0, 0.21987804], [122650000.0, 0.02555093], [122620000.0, 0.00200881], [122610000.0, 0.00600048], [122580000.0, 0.86569906]]},
{"timestamp": 1743938569881, "bids": [[122440000.0, 0.0234], [122430000.0, 0.02883303], [122420000.0, 0.17582166], [122410000.0, 0.0546041], [122400000.0, 0.20814598], [122390000.0, 0.31465796], [122380000.0, 0.00098053], [122370000.0, 0.00666224], [122360000.0, 0.11054249], [122350000.0, 0.02016346]], "asks": [[122870000.0, 0.047], [122810000.0, 0.002], [122800000.0, 0.2201287], [122740000.0, 0.21782922], [122710000.0, 0.0077], [122680000.0, 0.21987804], [122650000.0, 0.02555093], [122620000.0, 0.00200881], [122610000.0, 0.00600048], [122580000.0, 0.175]]},
{"timestamp": 1743938570001, "bids": [[122440000.0, 0.0234], [122430000.0, 0.02883303], [122420000.0, 0.17582166], [122410000.0, 0.0546041], [122400000.0, 0.20945991], [122390000.0, 0.31465796], [122380000.0, 0.00098053], [122370000.0, 0.00666224], [122360000.0, 0.11054249], [122350000.0, 0.02016346]], "asks": [[122810000.0, 0.002], [122800000.0, 0.2201287], [122740000.0, 0.21782922], [122710000.0, 0.0077], [122680000.0, 0.21987804], [122650000.0, 0.02555093], [122620000.0, 0.00200881], [122610000.0, 0.00600048], [122590000.0, 0.68840753], [122580000.0, 0.175]]},
{"timestamp": 1743938570228, "bids": [[122450000.0, 0.0363], [122440000.0, 0.0234], [122430000.0, 0.02883303], [122420000.0, 0.17582166], [122410000.0, 0.0546041], [122400000.0, 0.20945991], [122390000.0, 0.31465796], [122380000.0, 0.00098053], [122370000.0, 0.00666224], [122360000.0, 0.11054249]], "asks": [[122810000.0, 0.002], [122800000.0, 0.2201287], [122740000.0, 0.21782922], [122710000.0, 0.0077], [122680000.0, 0.21987804], [122650000.0, 0.02555093], [122620000.0, 0.00200881], [122610000.0, 0.00600048], [122590000.0, 0.68840753], [122580000.0, 0.175]]},
{"timestamp": 1743938570397, "bids": [[122460000.0, 0.0267], [122450000.0, 0.0363], [122440000.0, 0.00820653], [122430000.0, 0.02883303], [122420000.0, 0.17582166], [122410000.0, 0.0546041], [122400000.0, 0.20945991], [122390000.0, 0.31465796], [122380000.0, 0.00098053], [122370000.0, 0.00666224]], "asks": [[122810000.0, 0.002], [122800000.0, 0.2201287], [122740000.0, 0.21782922], [122710000.0, 0.0077], [122680000.0, 0.21987804], [122650000.0, 0.02555093], [122620000.0, 0.00200881], [122610000.0, 0.00600048], [122590000.0, 0.68840753], [122580000.0, 0.175]]},
{"timestamp": 1743938570560, "bids": [[122460000.0, 0.0267], [122450000.0, 0.0363], [122440000.0, 0.00820653], [122430000.0, 0.02883303], [122420000.0, 0.17582166], [122410000.0, 0.0546041], [122400000.0, 0.20945991], [122390000.0, 0.31465796], [122380000.0, 0.00098053], [122370000.0, 0.00666224]], "asks": [[122870000.0, 0.047], [122810000.0, 0.002], [122800000.0, 0.2201287], [122740000.0, 0.21782922], [122710000.0, 0.0077], [122680000.0, 0.21987804], [122650000.0, 0.02555093], [122620000.0, 0.00200881], [122610000.0, 0.00600048], [122590000.0, 0.68840753]]},
{"timestamp": 1743938570727, "bids": [[122460000.0, 0.0267], [122450000.0, 0.0363], [122440000.0, 0.00820653], [122430000.0, 0.02883303], [122420000.0, 0.17582166], [122410000.0, 0.0546041], [122400000.0, 0.20945991], [122390000.0, 0.31465796], [122380000.0, 0.00098053], [122370000.0, 0.00666224]], "asks": [[122870000.0, 0.047], [122810000.0, 0.002], [122800000.0, 0.2201287], [122740000.0, 0.21782922], [122710000.0, 0.0077], [122680000.0, 0.21987804], [122650000.0, 0.02555093], [122620000.0, 0.00200881], [122610000.0, 0.04230048], [122590000.0, 0.68840753]]},
{"timestamp": 1743938570953, "bids": [[122460000.0, 0.0267], [122450000.0, 0.0363], [122440000.0, 0.00820653], [122430000.0, 0.02883303], [122420000.0, 0.17582166], [122410000.0, 0.0546041], [122400000.0, 0.20945991], [122390000.0, 0.3063697], [122380000.0, 0.00098053], [122370000.0, 0.00666224]], "asks": [[122870000.0, 0.047], [122810000.0, 0.002], [122800000.0, 0.2201287], [122740000.0, 0.21782922], [122710000.0, 0.0077], [122680000.0, 0.21987804], [122650000.0, 0.02555093], [122620000.0, 0.00200881], [122610000.0, 0.04230048], [122590000.0, 0.68840753]]},
{"timestamp": 1743938571128, "bids": [[122460000.0, 0.0267], [122450000.0, 0.0363], [122440000.0, 0.00820653], [122430000.0, 0.02883303], [122420000.0, 0.17582166], [122410000.0, 0.0496912], [122400000.0, 0.20945991], [122390000.0, 0.3063697], [122380000.0, 0.00098053], [122370000.0, 0.00666224]], "asks": [[122870000.0, 0.047], [122810000.0, 0.002], [122800000.0, 0.2201287], [122740000.0, 0.21782922], [122710000.0, 0.0077], [122680000.0, 0.21987804], [122650000.0, 0.02555093], [122620000.0, 0.00200881], [122610000.0, 0.04230048], [122590000.0, 0.68840753]]},
{"timestamp": 1743938571260, "bids": [[122460000.0, 0.0267], [122440000.0, 0.00820653], [122430000.0, 0.02883303], [122420000.0, 0.17582166], [122410000.0, 0.0496912], [122400000.0, 0.20945991], [122390000.0, 0.3063697], [122380000.0, 0.00098053], [122370000.0, 0.00666224], [122360000.0, 0.11054249]], "asks": [[122870000.0, 0.047], [122810000.0, 0.002], [122800000.0, 0.2201287], [122740000.0, 0.21782922], [122710000.0, 0.0077], [122680000.0, 0.21987804], [122650000.0, 0.02555093], [122620000.0, 0.00200881], [122610000.0, 0.04230048], [122590000.0, 0.68840753]]},
{"timestamp": 1743938571424, "bids": [[122450000.0, 0.0267], [122440000.0, 0.00820653], [122430000.0, 0.02883303], [122420000.0, 0.17582166], [122410000.0, 0.0496912], [122400000.0, 0.20945991], [122390000.0, 0.3063697], [122380000.0, 0.00098053], [122370000.0, 0.00666224], [122360000.0, 0.11054249]], "asks": [[122870000.0, 0.047], [122810000.0, 0.002], [122800000.0, 0.2201287], [122740000.0, 0.21782922], [122710000.0, 0.0077], [122680000.0, 0.21987804], [122650000.0, 0.02555093], [122620000.0, 0.00200881], [122610000.0, 0.04230048], [122590000.0, 0.68840753]]},
{"timestamp": 1743938571587, "bids": [[122450000.0, 0.0267], [122440000.0, 0.00820653], [122430000.0, 0.02883303], [122420000.0, 0.17582166], [122410000.0, 0.0496912], [122400000.0, 0.20945991], [122390000.0, 0.3063697], [122380000.0, 0.00098053], [122370000.0, 0.00666224], [122360000.0, 0.11054249]], "asks": [[122860000.0, 0.00061027], [122810000.0, 0.002], [122800000.0, 0.2201287], [122740000.0, 0.21782922], [122710000.0, 0.0077], [122680000.0, 0.21987804], [122650000.0, 0.02555093], [122620000.0, 0.00200881], [122610000.0, 0.04230048], [122590000.0, 0.68840753]]},
{"timestamp": 1743938571752, "bids": [[122450000.0, 0.0556], [122440000.0, 0.00820653], [122430000.0, 0.02883303], [122420000.0, 0.17582166], [122410000.0, 0.0496912], [122400000.0, 0.20945991], [122390000.0, 0.3063697], [122380000.0, 0.00098053], [122370000.0, 0.00666224], [122360000.0, 0.11054249]], "asks": [[122860000.0, 0.00061027], [122810000.0, 0.002], [122800000.0, 0.2201287], [122740000.0, 0.21782922], [122710000.0, 0.0077], [122680000.0, 0.21987804], [122650000.0, 0.02555093], [122620000.0, 0.00200881], [122610000.0, 0.04230048], [122590000.0, 0.68840753]]},
{"timestamp": 1743938571905, "bids": [[122460000.0, 0.0267], [122450000.0, 0.0289], [122440000.0, 0.00820653], [122430000.0, 0.02883303], [122420000.0, 0.17582166], [122410000.0, 0.0496912], [122400000.0, 0.20945991], [122390000.0, 0.3063697], [122380000.0, 0.00098053], [122370000.0, 0.00666224]], "asks": [[122860000.0, 0.00131935], [122810000.0, 0.002], [122800000.0, 0.2201287], [122740000.0, 0.21782922], [122710000.0, 0.0077], [122680000.0, 0.21987804], [122650000.0, 0.02555093], [122620000.0, 0.00200881], [122610000.0, 0.04230048], [122590000.0, 0.68840753]]},
{"timestamp": 1743938572293, "bids": [[122460000.0, 0.0267], [122440000.0, 0.00820653], [122430000.0, 0.02883303], [122420000.0, 0.17582166], [122410000.0, 0.0496912], [122400000.0, 0.20945991], [122390000.0, 0.3063697], [122380000.0, 0.00098053], [122370000.0, 0.00666224], [122360000.0, 0.11054249]], "asks": [[122860000.0, 0.00131935], [122810000.0, 0.002], [122800000.0, 0.2201287], [122740000.0, 0.21782922], [122710000.0, 0.0077], [122680000.0, 0.21987804], [122650000.0, 0.02555093], [122620000.0, 0.00200881], [122610000.0, 0.04230048], [122590000.0, 0.68840753]]},
{"timestamp": 1743938572456, "bids": [[122450000.0, 0.0266], [122440000.0, 0.00820653], [122430000.0, 0.02883303], [122420000.0, 0.17582166], [122410000.0, 0.0496912], [122400000.0, 0.20945991], [122390000.0, 0.3063697], [122380000.0, 0.00098053], [122370000.0, 0.00666224], [122360000.0, 0.11054249]], "asks": [[122860000.0, 0.00131935], [122810000.0, 0.002], [122800000.0, 0.2201287], [122740000.0, 0.21782922], [122710000.0, 0.0077], [122680000.0, 0.21987804], [122650000.0, 0.02555093], [122620000.0, 0.00200881], [122610000.0, 0.04230048], [122590000.0, 0.68840753]]},
{"timestamp": 1743938572849, "bids": [[122450000.0, 0.0554], [122440000.0, 0.00820653], [122430000.0, 0.02883303], [122420000.0, 0.17582166], [122410000.0, 0.0496912], [122400000.0, 0.20945991], [122390000.0, 0.3063697], [122380000.0, 0.00098053], [122370000.0, 0.00666224], [122360000.0, 0.11054249]], "asks": [[122860000.0, 0.00131935], [122810000.0, 0.002], [122800000.0, 0.2201287], [122740000.0, 0.21782922], [122710000.0, 0.0077], [122680000.0, 0.21987804], [122650000.0, 0.02555093], [122620000.0, 0.00200881], [122610000.0, 0.04230048], [122590000.0, 0.68840753]]},
{"timestamp": 1743938573019, "bids": [[122460000.0, 0.0266], [122450000.0, 0.0288], [122440000.0, 0.00820653], [122430000.0, 0.02883303], [122420000.0, 0.17582166], [122410000.0, 0.0496912], [122400000.0, 0.20945991], [122390000.0, 0.3063697], [122380000.0, 0.00098053], [122370000.0, 0.00666224]], "asks": [[122860000.0, 0.00131935], [122810000.0, 0.002], [122800000.0, 0.2201287], [122740000.0, 0.21782922], [122710000.0, 0.0077], [122680000.0, 0.21987804], [122650000.0, 0.02555093], [122620000.0, 0.00200881], [122610000.0, 0.04230048], [122590000.0, 0.68840753]]},
{"timestamp": 1743938573314, "bids": [[122460000.0, 0.0266], [122440000.0, 0.00820653], [122430000.0, 0.02883303], [122420000.0, 0.17582166], [122410000.0, 0.0496912], [122400000.0, 0.20945991], [122390000.0, 0.3063697], [122380000.0, 0.00098053], [122370000.0, 0.00666224], [122360000.0, 0.11054249]], "asks": [[122860000.0, 0.00131935], [122810000.0, 0.002], [122800000.0, 0.2201287], [122740000.0, 0.21782922], [122710000.0, 0.0077], [122680000.0, 0.21987804], [122650000.0, 0.02555093], [122620000.0, 0.00200881], [122610000.0, 0.04230048], [122590000.0, 0.68840753]]},
{"timestamp": 1743938573478, "bids": [[122450000.0, 0.0266], [122440000.0, 0.00820653], [122430000.0, 0.02883303], [122420000.0, 0.17582166], [122410000.0, 0.0496912], [122400000.0, 0.20945991], [122390000.0, 0.3063697], [122380000.0, 0.00098053], [122370000.0, 0.00666224], [122360000.0, 0.11054249]], "asks": [[122860000.0, 0.00131935], [122810000.0, 0.002], [122800000.0, 0.2201287], [122740000.0, 0.21782922], [122710000.0, 0.0077], [122680000.0, 0.21987804], [122650000.0, 0.02555093], [122620000.0, 0.00200881], [122610000.0, 0.04230048], [122590000.0, 0.68840753]]},
{"timestamp": 1743938573674, "bids": [[122450000.0, 0.0554], [122440000.0, 0.00820653], [122430000.0, 0.02883303], [122420000.0, 0.17582166], [122410000.0, 0.0496912], [122400000.0, 0.20945991], [122390000.0, 0.3063697], [122380000.0, 0.00098053], [122370000.0, 0.00666224], [122360000.0, 0.11054249]], "asks": [[122860000.0, 0.00131935], [122810000.0, 0.002], [122800000.0, 0.2201287], [122740000.0, 0.21782922], [122710000.0, 0.0077], [122680000.0, 0.21987804], [122650000.0, 0.02555093], [122620000.0, 0.00200881], [122610000.0, 0.04230048], [122590000.0, 0.68840753]]},
{"timestamp": 1743938573838, "bids": [[122460000.0, 0.0266], [122450000.0, 0.0288], [122440000.0, 0.00820653], [122430000.0, 0.02883303], [122420000.0, 0.17582166], [122410000.0, 0.0496912], [122400000.0, 0.20945991], [122390000.0, 0.3063697], [122380000.0, 0.00098053], [122370000.0, 0.00666224]], "asks": [[122860000.0, 0.00131935], [122810000.0, 0.002], [122800000.0, 0.2201287], [122740000.0, 0.21782922], [122710000.0, 0.0077], [122680000.0, 0.21987804], [122650000.0, 0.02555093], [122620000.0, 0.00200881], [122610000.0, 0.04230048], [122590000.0, 0.68840753]]},
{"timestamp": 1743938574336, "bids": [[122460000.0, 0.0266], [122450000.0, 0.0288], [122440000.0, 0.00820653], [122430000.0, 0.02883303], [122420000.0, 0.17582166], [122410000.0, 0.0496912], [122400000.0, 0.20945991], [122390000.0, 0.3063697], [122380000.0, 0.00098053], [122370000.0, 0.00666224]], "asks": [[122810000.0, 0.002], [122800000.0, 0.2201287], [122740000.0, 0.21782922], [122710000.0, 0.0077], [122680000.0, 0.21987804], [122650000.0, 0.02555093], [122620000.0, 0.00200881], [122610000.0, 0.00600048], [122600000.0, 0.0288], [122590000.0, 0.68840753]]},
{"timestamp": 1743938574671, "bids": [[122460000.0, 0.0266], [122450000.0, 0.0288], [122440000.0, 0.00820653], [122430000.0, 0.02883303], [122420000.0, 0.17582166], [122410000.0, 0.0496912], [122400000.0, 0.20945991], [122390000.0, 0.3063697], [122380000.0, 0.00098053], [122370000.0, 0.00666224]], "asks": [[122810000.0, 0.002], [122800000.0, 0.2201287], [122740000.0, 0.21782922], [122710000.0, 0.0077], [122680000.0, 0.21987804], [122650000.0, 0.02555093], [122620000.0, 0.00200881], [122610000.0, 0.00600048], [122600000.0, 0.0288], [122590000.0, 0.68840753]]},
{"timestamp": 1743938577917, "bids": [[122460000.0, 0.0266], [122450000.0, 0.0288], [122440000.0, 0.00820653], [122430000.0, 0.02883303], [122420000.0, 0.17582166], [122410000.0, 0.0496912], [122400000.0, 0.20945991], [122390000.0, 0.3063697], [122380000.0, 0.00098053], [122370000.0, 0.00666224]], "asks": [[122810000.0, 0.002], [122800000.0, 0.2201287], [122740000.0, 0.21782922], [122710000.0, 0.0077], [122680000.0, 0.21987804], [122650000.0, 0.02555093], [122620000.0, 0.00200881], [122610000.0, 0.00600048], [122600000.0, 0.0288], [122590000.0, 0.68840753]]},
{"timestamp": 1743938579181, "bids": [[122460000.0, 0.0227], [122450000.0, 0.0288], [122440000.0, 0.00820653], [122430000.0, 0.02883303], [122420000.0, 0.17582166], [122410000.0, 0.0496912], [122400000.0, 0.20945991], [122390000.0, 0.3063697], [122380000.0, 0.00098053], [122370000.0, 0.00666224]], "asks": [[122810000.0, 0.002], [122800000.0, 0.2201287], [122740000.0, 0.21782922], [122710000.0, 0.0077], [122680000.0, 0.21987804], [122650000.0, 0.02555093], [122620000.0, 0.00200881], [122610000.0, 0.00600048], [122600000.0, 0.0288], [122590000.0, 0.68840753]]},
{"timestamp": 1743938579362, "bids": [[122460000.0, 0.0227], [122450000.0, 0.0288], [122440000.0, 0.00820653], [122430000.0, 0.02883303], [122420000.0, 0.17582166], [122410000.0, 0.0496912], [122400000.0, 0.20945991], [122390000.0, 0.3063697], [122380000.0, 0.00098053], [122370000.0, 0.00666224]], "asks": [[122810000.0, 0.002], [122800000.0, 0.2201287], [122740000.0, 0.21782922], [122710000.0, 0.0077], [122680000.0, 0.21987804], [122650000.0, 0.02555093], [122620000.0, 0.00200881], [122610000.0, 0.00600048], [122600000.0, 0.0288], [122590000.0, 0.68840753]]},
{"timestamp": 1743938579662, "bids": [[122460000.0, 0.0227], [122450000.0, 0.0288], [122440000.0, 0.00820653], [122430000.0, 0.02883303], [122420000.0, 0.17582166], [122410000.0, 0.0496912], [122400000.0, 0.20945991], [122390000.0, 0.3063697], [122380000.0, 0.00098053], [122370000.0, 0.00666224]], "asks": [[122810000.0, 0.002], [122800000.0, 0.2201287], [122740000.0, 0.21782922], [122710000.0, 0.0077], [122680000.0, 0.21987804], [122650000.0, 0.02555093], [122620000.0, 0.00200881], [122610000.0, 0.00600048], [122600000.0, 0.0288], [122590000.0, 0.68840753]]},
{"timestamp": 1743938579970, "bids": [[122460000.0, 0.0227], [122450000.0, 0.0288], [122440000.0, 0.00820653], [122430000.0, 0.02883303], [122420000.0, 0.17582166], [122410000.0, 0.0496912], [122400000.0, 0.20945991], [122390000.0, 0.00018515], [122380000.0, 0.00098053], [122370000.0, 0.00666224]], "asks": [[122880000.0, 0.047], [122860000.0, 0.00131935], [122810000.0, 0.002], [122800000.0, 0.2201287], [122740000.0, 0.21782922], [122710000.0, 0.0077], [122680000.0, 0.21987804], [122650000.0, 0.02555093], [122620000.0, 0.00200881], [122610000.0, 0.00600048]]},
{"timestamp": 1743938580097, "bids": [[122460000.0, 0.0227], [122450000.0, 0.0288], [122440000.0, 0.00820653], [122430000.0, 0.32901677], [122420000.0, 0.17582166], [122410000.0, 0.0496912], [122400000.0, 0.20945991], [122390000.0, 0.00018515], [122380000.0, 0.00098053], [122370000.0, 0.00666224]], "asks": [[122860000.0, 0.00131935], [122810000.0, 0.002], [122800000.0, 0.2201287], [122740000.0, 0.21782922], [122710000.0, 0.0077], [122680000.0, 0.21987804], [122650000.0, 0.02555093], [122620000.0, 0.00200881], [122610000.0, 0.00600048], [122600000.0, 0.68520397]]},
{"timestamp": 1743938580223, "bids": [[122460000.0, 0.0227], [122450000.0, 0.0288], [122440000.0, 0.00820653], [122430000.0, 0.32901677], [122420000.0, 0.17582166], [122410000.0, 0.0496912], [122400000.0, 0.20945991], [122390000.0, 0.00018515], [122380000.0, 0.00098053], [122370000.0, 0.00666224]], "asks": [[122880000.0, 0.047], [122860000.0, 0.00131935], [122810000.0, 0.002], [122800000.0, 0.2201287], [122740000.0, 0.21782922], [122710000.0, 0.0077], [122680000.0, 0.21987804], [122650000.0, 0.02555093], [122610000.0, 0.00600048], [122600000.0, 0.68520397]]},
{"timestamp": 1743938581064, "bids": [[122460000.0, 0.0227], [122450000.0, 0.0288], [122440000.0, 0.18320653], [122430000.0, 0.32901677], [122420000.0, 0.17582166], [122410000.0, 0.0496912], [122400000.0, 0.03445991], [122390000.0, 0.00018515], [122380000.0, 0.00098053], [122370000.0, 0.00666224]], "asks": [[122880000.0, 0.047], [122860000.0, 0.00131935], [122810000.0, 0.002], [122800000.0, 0.2201287], [122740000.0, 0.21782922], [122710000.0, 0.0077], [122680000.0, 0.21987804], [122650000.0, 0.02555093], [122610000.0, 0.03480048], [122600000.0, 0.68520397]]},
{"timestamp": 1743938581165, "bids": [[122460000.0, 0.0227], [122450000.0, 0.0288], [122440000.0, 0.18320653], [122430000.0, 0.32901677], [122420000.0, 0.17582166], [122410000.0, 0.0496912], [122400000.0, 0.03445991], [122390000.0, 0.00018515], [122380000.0, 0.00098053], [122370000.0, 0.00666224]], "asks": [[122990000.0, 0.00544501], [122900000.0, 0.31722988], [122880000.0, 0.047], [122860000.0, 0.00131935], [122810000.0, 0.002], [122800000.0, 0.2201287], [122740000.0, 0.21782922], [122710000.0, 0.0077], [122680000.0, 0.21987804], [122650000.0, 0.02555093]]},
{"timestamp": 1743938581400, "bids": [[122460000.0, 0.0227], [122450000.0, 0.0288], [122440000.0, 0.18320653], [122430000.0, 0.32901677], [122420000.0, 0.17582166], [122410000.0, 0.0496912], [122400000.0, 0.03445991], [122390000.0, 0.00018515], [122380000.0, 0.00098053], [122370000.0, 0.00666224]], "asks": [[122990000.0, 0.00544501], [122900000.0, 0.31722988], [122880000.0, 0.047], [122860000.0, 0.00131935], [122810000.0, 0.002], [122800000.0, 0.2201287], [122740000.0, 0.21782922], [122710000.0, 0.0077], [122680000.0, 0.21987804], [122650000.0, 0.02555093]]},
{"timestamp": 1743938581628, "bids": [[122460000.0, 0.0227], [122450000.0, 0.0288], [122440000.0, 0.18320653], [122430000.0, 0.32901677], [122420000.0, 0.17582166], [122410000.0, 0.0496912], [122400000.0, 0.03445991], [122390000.0, 0.00018515], [122380000.0, 0.00098053], [122370000.0, 0.00666224]], "asks": [[123000000.0, 0.0004065], [122990000.0, 0.00544501], [122900000.0, 0.31722988], [122880000.0, 0.047], [122860000.0, 0.00131935], [122800000.0, 0.2201287], [122740000.0, 0.21782922], [122710000.0, 0.0077], [122680000.0, 0.21987804], [122650000.0, 0.02555093]]},
{"timestamp": 1743938581962, "bids": [[122460000.0, 0.0227], [122450000.0, 0.03764671], [122440000.0, 0.18320653], [122430000.0, 0.32901677], [122420000.0, 0.17582166], [122410000.0, 0.0496912], [122400000.0, 0.03445991], [122390000.0, 0.00018515], [122380000.0, 0.00098053], [122370000.0, 0.00666224]], "asks": [[123000000.0, 0.0004065], [122990000.0, 0.00544501], [122900000.0, 0.31722988], [122880000.0, 0.047], [122860000.0, 0.00131935], [122800000.0, 0.2201287], [122740000.0, 0.21782922], [122710000.0, 0.0077], [122680000.0, 0.21987804], [122650000.0, 0.02555093]]},
{"timestamp": 1743938582913, "bids": [[122460000.0, 0.0227], [122450000.0, 0.03764671], [122440000.0, 0.18320653], [122430000.0, 0.32901677], [122420000.0, 0.17582166], [122410000.0, 0.0496912], [122400000.0, 0.02562682], [122390000.0, 0.00018515], [122380000.0, 0.00098053], [122370000.0, 0.00666224]], "asks": [[123100000.0, 0.32878176], [123000000.0, 0.0004065], [122990000.0, 0.00544501], [122900000.0, 0.31722988], [122860000.0, 0.00131935], [122800000.0, 0.2201287], [122740000.0, 0.21782922], [122710000.0, 0.0077], [122680000.0, 0.21987804], [122650000.0, 0.02555093]]},
{"timestamp": 1743938583241, "bids": [[122470000.0, 0.0363], [122460000.0, 0.0227], [122450000.0, 0.00884671], [122440000.0, 0.18320653], [122430000.0, 0.32901677], [122420000.0, 0.17582166], [122410000.0, 0.0496912], [122400000.0, 0.02562682], [122390000.0, 0.00018515], [122380000.0, 0.00098053]], "asks": [[123100000.0, 0.32878176], [123000000.0, 0.0004065], [122990000.0, 0.00544501], [122900000.0, 0.31722988], [122860000.0, 0.00131935], [122800000.0, 0.2201287], [122740000.0, 0.21782922], [122710000.0, 0.0077], [122680000.0, 0.21987804], [122650000.0, 0.02555093]]},
{"timestamp": 1743938583396, "bids": [[122480000.0, 0.024], [122470000.0, 0.0363], [122450000.0, 0.00884671], [122440000.0, 0.18320653], [122430000.0, 0.32901677], [122420000.0, 0.17582166], [122410000.0, 0.0496912], [122400000.0, 0.02562682], [122390000.0, 0.00018515], [122380000.0, 0.00098053]], "asks": [[123100000.0, 0.32878176], [123000000.0, 0.0004065], [122990000.0, 0.00544501], [122900000.0, 0.31722988], [122860000.0, 0.00131935], [122800000.0, 0.2201287], [122740000.0, 0.21782922], [122710000.0, 0.0077], [122680000.0, 0.21987804], [122650000.0, 0.02555093]]},
{"timestamp": 1743938583513, "bids": [[122480000.0, 0.024], [122470000.0, 0.04472446], [122450000.0, 0.00884671], [122440000.0, 0.18320653], [122430000.0, 0.32901677], [122420000.0, 0.17582166], [122410000.0, 0.0496912], [122400000.0, 0.13544596], [122390000.0, 0.00018515], [122380000.0, 0.00098053]], "asks": [[123000000.0, 0.0004065], [122990000.0, 0.00544501], [122900000.0, 0.31722988], [122860000.0, 0.00131935], [122800000.0, 0.2201287], [122740000.0, 0.21782922], [122710000.0, 0.0077], [122680000.0, 0.21987804], [122650000.0, 0.02555093], [122620000.0, 0.0363]]},
{"timestamp": 1743938583959, "bids": [[122480000.0, 0.024], [122470000.0, 0.04472446], [122450000.0, 0.00884671], [122440000.0, 0.18320653], [122430000.0, 0.32901677], [122420000.0, 0.17582166], [122410000.0, 0.04102837], [122400000.0, 0.13544596], [122390000.0, 0.00018515], [122380000.0, 0.00098053]], "asks": [[123000000.0, 0.0004065], [122990000.0, 0.00544501], [122900000.0, 0.31722988], [122860000.0, 0.00131935], [122800000.0, 0.2201287], [122740000.0, 0.21782922], [122710000.0, 0.0077], [122680000.0, 0.21987804], [122650000.0, 0.02555093], [122620000.0, 0.0363]]},
{"timestamp": 1743938584361, "bids": [[122480000.0, 0.024], [122470000.0, 0.04472446], [122450000.0, 0.00884671], [122440000.0, 0.18320653], [122430000.0, 0.32901677], [122420000.0, 0.17582166], [122410000.0, 0.04102837], [122400000.0, 0.13544596], [122390000.0, 0.00018515], [122380000.0, 0.00098053]], "asks": [[123000000.0, 0.0004065], [122990000.0, 0.00544501], [122900000.0, 0.31722988], [122860000.0, 0.00131935], [122800000.0, 0.2201287], [122740000.0, 0.21782922], [122710000.0, 0.0077], [122680000.0, 0.21987804], [122650000.0, 0.02555093], [122620000.0, 0.0363]]},
{"timestamp": 1743938584658, "bids": [[122480000.0, 0.024], [122470000.0, 0.04472446], [122450000.0, 0.00884671], [122440000.0, 0.18320653], [122430000.0, 0.32901677], [122420000.0, 0.17582166], [122410000.0, 0.04102837], [122400000.0, 0.13544596], [122390000.0, 0.00018515], [122380000.0, 0.00098053]], "asks": [[123000000.0, 0.0004065], [122990000.0, 0.00544501], [122900000.0, 0.31722988], [122860000.0, 0.00131935], [122800000.0, 0.2201287], [122740000.0, 0.21782922], [122710000.0, 0.0077], [122680000.0, 0.21987804], [122650000.0, 0.02555093], [122620000.0, 0.0363]]},
{"timestamp": 1743938584926, "bids": [[122480000.0, 0.024], [122470000.0, 0.04472446], [122450000.0, 0.00884671], [122440000.0, 0.18320653], [122430000.0, 0.32901677], [122420000.0, 0.17582166], [122410000.0, 0.04102837], [122400000.0, 0.13544596], [122390000.0, 0.00018515], [122380000.0, 0.00098053]], "asks": [[123000000.0, 0.0004065], [122990000.0, 0.00544501], [122900000.0, 0.31722988], [122860000.0, 0.00070908], [122800000.0, 0.2201287], [122740000.0, 0.21782922], [122710000.0, 0.0077], [122680000.0, 0.21987804], [122650000.0, 0.02555093], [122620000.0, 0.0363]]},
{"timestamp": 1743938585441, "bids": [[122480000.0, 0.024], [122470000.0, 0.04472446], [122450000.0, 0.00884671], [122440000.0, 0.18320653], [122430000.0, 0.32901677], [122420000.0, 0.17582166], [122410000.0, 0.04102837], [122400000.0, 0.13544596], [122390000.0, 0.00018515], [122380000.0, 0.00098053]], "asks": [[123100000.0, 0.32878176], [123000000.0, 0.0004065], [122990000.0, 0.00544501], [122900000.0, 0.31722988], [122800000.0, 0.2201287], [122740000.0, 0.21782922], [122710000.0, 0.0077], [122680000.0, 0.21987804], [122650000.0, 0.02555093], [122620000.0, 0.0363]]},
{"timestamp": 1743938585583, "bids": [[122480000.0, 0.024], [122470000.0, 0.04472446], [122450000.0, 0.00884671], [122440000.0, 0.18320653], [122430000.0, 0.32901677], [122420000.0, 0.17582166], [122410000.0, 0.04650152], [122400000.0, 0.13544596], [122390000.0, 0.00018515], [122380000.0, 0.00098053]], "asks": [[123100000.0, 0.32878176], [123000000.0, 0.0004065], [122990000.0, 0.00544501], [122900000.0, 0.31722988], [122800000.0, 0.2201287], [122740000.0, 0.21782922], [122710000.0, 0.0077], [122680000.0, 0.21987804], [122650000.0, 0.02555093], [122620000.0, 0.0363]]},
{"timestamp": 1743938585871, "bids": [[122480000.0, 0.024], [122470000.0, 0.04472446], [122450000.0, 0.00884671], [122440000.0, 0.18320653], [122430000.0, 0.32901677], [122420000.0, 0.17582166], [122410000.0, 0.07065928], [122400000.0, 0.11050393], [122390000.0, 0.00018515], [122380000.0, 0.00098053]], "asks": [[123100000.0, 0.32878176], [123000000.0, 0.0004065], [122990000.0, 0.00544501], [122900000.0, 0.31722988], [122800000.0, 0.2201287], [122740000.0, 0.21782922], [122710000.0, 0.0077], [122680000.0, 0.21987804], [122650000.0, 0.02555093], [122620000.0, 0.0363]]},
{"timestamp": 1743938586198, "bids": [[122480000.0, 0.024], [122470000.0, 0.04472446], [122450000.0, 0.00884671], [122440000.0, 0.18320653], [122430000.0, 0.32901677], [122420000.0, 0.17582166], [122410000.0, 0.07065928], [122400000.0, 0.11050393], [122390000.0, 0.00018515], [122380000.0, 0.00098053]], "asks": [[123000000.0, 0.0004065], [122990000.0, 0.00544501], [122900000.0, 0.31722988], [122830000.0, 0.002], [122800000.0, 0.2201287], [122740000.0, 0.21782922], [122710000.0, 0.0077], [122680000.0, 0.21987804], [122650000.0, 0.02555093], [122620000.0, 0.0363]]},
{"timestamp": 1743938586645, "bids": [[122480000.0, 0.024], [122470000.0, 0.04472446], [122450000.0, 0.00884671], [122440000.0, 0.18320653], [122430000.0, 0.32901677], [122420000.0, 0.18162834], [122410000.0, 0.04650152], [122400000.0, 0.11050393], [122390000.0, 0.00018515], [122380000.0, 0.00098053]], "asks": [[123000000.0, 0.0004065], [122990000.0, 0.00544501], [122900000.0, 0.31722988], [122830000.0, 0.002], [122800000.0, 0.2201287], [122740000.0, 0.21782922], [122710000.0, 0.0077], [122680000.0, 0.21987804], [122650000.0, 0.02555093], [122620000.0, 0.0363]]},
{"timestamp": 1743938586816, "bids": [[122480000.0, 0.024], [122470000.0, 0.04472446], [122450000.0, 0.00884671], [122440000.0, 0.18320653], [122430000.0, 0.32901677], [122420000.0, 0.18162834], [122410000.0, 0.04102837], [122400000.0, 0.11050393], [122390000.0, 0.00018515], [122380000.0, 0.00098053]], "asks": [[122990000.0, 0.00544501], [122900000.0, 0.31722988], [122830000.0, 0.002], [122800000.0, 0.2201287], [122740000.0, 0.21782922], [122710000.0, 0.0077], [122680000.0, 0.21987804], [122650000.0, 0.02555093], [122640000.0, 0.00562482], [122620000.0, 0.0363]]},
{"timestamp": 1743938586987, "bids": [[122480000.0, 0.024], [122470000.0, 0.04472446], [122450000.0, 0.00884671], [122440000.0, 0.18320653], [122430000.0, 0.32901677], [122420000.0, 0.20534662], [122410000.0, 0.04102837], [122400000.0, 0.11050393], [122390000.0, 0.00018515], [122380000.0, 0.00098053]], "asks": [[122990000.0, 0.00544501], [122900000.0, 0.31722988], [122830000.0, 0.002], [122800000.0, 0.2201287], [122740000.0, 0.21782922], [122710000.0, 0.0077], [122680000.0, 0.21987804], [122650000.0, 0.02555093], [122640000.0, 0.00562482], [122620000.0, 0.0363]]},
{"timestamp": 1743938587208, "bids": [[122480000.0, 0.024], [122470000.0, 0.00842446], [122450000.0, 0.00884671], [122440000.0, 0.18320653], [122430000.0, 0.32901677], [122420000.0, 0.20534662], [122410000.0, 0.04102837], [122400000.0, 0.11050393], [122390000.0, 0.00018515], [122380000.0, 0.00098053]], "asks": [[123000000.0, 0.0004065], [122990000.0, 0.00544501], [122900000.0, 0.31722988], [122830000.0, 0.002], [122800000.0, 0.2201287], [122740000.0, 0.21782922], [122710000.0, 0.0077], [122680000.0, 0.21987804], [122650000.0, 0.02555093], [122640000.0, 0.00562482]]},
{"timestamp": 1743938587379, "bids": [[122480000.0, 0.024], [122470000.0, 0.00842446], [122450000.0, 0.00884671], [122440000.0, 0.18320653], [122430000.0, 0.32901677], [122420000.0, 0.20534662], [122410000.0, 0.04102837], [122400000.0, 0.11050393], [122390000.0, 0.00018515], [122380000.0, 0.00098053]], "asks": [[123000000.0, 0.0004065], [122990000.0, 0.00544501], [122900000.0, 0.31722988], [122830000.0, 0.002], [122800000.0, 0.2201287], [122740000.0, 0.21782922], [122710000.0, 0.0077], [122680000.0, 0.21987804], [122650000.0, 0.02555093], [122640000.0, 0.00562482]]},
{"timestamp": 1743938587508, "bids": [[122480000.0, 0.024], [122470000.0, 0.03242446], [122450000.0, 0.00884671], [122440000.0, 0.18320653], [122430000.0, 0.32901677], [122420000.0, 0.20534662], [122410000.0, 0.04102837], [122400000.0, 0.11050393], [122390000.0, 0.00018515], [122380000.0, 0.00098053]], "asks": [[122990000.0, 0.00544501], [122900000.0, 0.31722988], [122830000.0, 0.002], [122800000.0, 0.2201287], [122740000.0, 0.21782922], [122710000.0, 0.0077], [122680000.0, 0.21987804], [122650000.0, 0.02555093], [122640000.0, 0.00562482], [122620000.0, 0.0363]]},
{"timestamp": 1743938587652, "bids": [[122480000.0, 0.024], [122470000.0, 0.03242446], [122450000.0, 0.00884671], [122440000.0, 0.18320653], [122430000.0, 0.32901677], [122420000.0, 0.20534662], [122410000.0, 0.04102837], [122400000.0, 0.11050393], [122390000.0, 0.00018515], [122380000.0, 0.00098053]], "asks": [[122990000.0, 0.00544501], [122900000.0, 0.31722988], [122830000.0, 0.002], [122800000.0, 0.2201287], [122740000.0, 0.21782922], [122710000.0, 0.0077], [122680000.0, 0.21987804], [122650000.0, 0.02555093], [122640000.0, 0.00562482], [122620000.0, 0.0363]]},
{"timestamp": 1743938587903, "bids": [[122480000.0, 0.024], [122470000.0, 0.03242446], [122450000.0, 0.00884671], [122440000.0, 0.18320653], [122430000.0, 0.32901677], [122420000.0, 0.20534662], [122410000.0, 0.04102837], [122400000.0, 0.11050393], [122390000.0, 0.00018515], [122380000.0, 0.00098053]], "asks": [[122900000.0, 0.31722988], [122890000.0, 0.047], [122830000.0, 0.002], [122800000.0, 0.2201287], [122740000.0, 0.21782922], [122710000.0, 0.0077], [122680000.0, 0.21987804], [122650000.0, 0.02555093], [122640000.0, 0.00562482], [122620000.0, 0.0363]]},
{"timestamp": 1743938588745, "bids": [[122480000.0, 0.024], [122470000.0, 0.03242446], [122450000.0, 0.00884671], [122440000.0, 0.18320653], [122430000.0, 0.32901677], [122420000.0, 0.20534662], [122410000.0, 0.04102837], [122400000.0, 0.11050393], [122390000.0, 0.00018515], [122380000.0, 0.00098053]], "asks": [[122890000.0, 0.047], [122830000.0, 0.002], [122800000.0, 0.2201287], [122740000.0, 0.21782922], [122710000.0, 0.0077], [122680000.0, 0.21987804], [122650000.0, 0.02555093], [122640000.0, 0.00562482], [122620000.0, 0.0363], [122610000.0, 0.69281751]]},
{"timestamp": 1743938588911, "bids": [[122480000.0, 0.024], [122470000.0, 0.03242446], [122450000.0, 0.00884671], [122440000.0, 0.18320653], [122430000.0, 0.32901677], [122420000.0, 0.20534662], [122410000.0, 0.04102837], [122400000.0, 0.11050393], [122390000.0, 0.00018515], [122380000.0, 0.00098053]], "asks": [[122900000.0, 0.31722988], [122890000.0, 0.047], [122830000.0, 0.002], [122800000.0, 0.2201287], [122740000.0, 0.21782922], [122710000.0, 0.0077], [122680000.0, 0.21987804], [122650000.0, 0.02555093], [122640000.0, 0.00562482], [122620000.0, 0.0363]]},
{"timestamp": 1743938589368, "bids": [[122480000.0, 0.024], [122470000.0, 0.03242446], [122450000.0, 0.00884671], [122440000.0, 0.18320653], [122430000.0, 0.32901677], [122420000.0, 0.20534662], [122410000.0, 0.04102837], [122400000.0, 0.11050393], [122390000.0, 0.00018515], [122380000.0, 0.00098053]], "asks": [[122900000.0, 0.31722988], [122890000.0, 0.047], [122830000.0, 0.002], [122800000.0, 0.2201287], [122740000.0, 0.21782922], [122710000.0, 0.0077], [122680000.0, 0.21987804], [122650000.0, 0.02555093], [122640000.0, 0.00562482], [122620000.0, 0.0363]]},
{"timestamp": 1743938589672, "bids": [[122480000.0, 0.024], [122470000.0, 0.03242446], [122450000.0, 0.00884671], [122440000.0, 0.18320653], [122430000.0, 0.32901677], [122420000.0, 0.20534662], [122410000.0, 0.04102837], [122400000.0, 0.11050393], [122390000.0, 0.00018515], [122380000.0, 0.00098053]], "asks": [[122900000.0, 0.31722988], [122890000.0, 0.047], [122830000.0, 0.002], [122800000.0, 0.2201287], [122740000.0, 0.21782922], [122710000.0, 0.0077], [122680000.0, 0.21987804], [122650000.0, 0.02555093], [122640000.0, 0.00562482], [122620000.0, 0.0363]]},
{"timestamp": 1743938591176, "bids": [[122480000.0, 0.024], [122470000.0, 0.03242446], [122450000.0, 0.00884671], [122440000.0, 0.18320653], [122430000.0, 0.32901677], [122420000.0, 0.20534662], [122410000.0, 0.04102837], [122400000.0, 0.11050393], [122390000.0, 0.00018515], [122380000.0, 0.00098053]], "asks": [[122890000.0, 0.047], [122830000.0, 0.002], [122800000.0, 0.2201287], [122740000.0, 0.21782922], [122710000.0, 0.0077], [122680000.0, 0.21987804], [122650000.0, 0.02555093], [122640000.0, 0.00562482], [122620000.0, 0.0363], [122610000.0, 0.69281751]]},
{"timestamp": 1743938591788, "bids": [[122480000.0, 0.024], [122470000.0, 0.03242446], [122450000.0, 0.00884671], [122440000.0, 0.18320653], [122430000.0, 0.32901677], [122420000.0, 0.20534662], [122410000.0, 0.04102837], [122400000.0, 0.11050393], [122390000.0, 0.00018515], [122380000.0, 0.00098053]], "asks": [[122880000.0, 0.00061027], [122830000.0, 0.002], [122800000.0, 0.2201287], [122740000.0, 0.21782922], [122710000.0, 0.0077], [122680000.0, 0.21987804], [122650000.0, 0.02555093], [122640000.0, 0.00562482], [122620000.0, 0.0363], [122610000.0, 0.69281751]]},
{"timestamp": 1743938592249, "bids": [[122480000.0, 0.024], [122470000.0, 0.03242446], [122450000.0, 0.00884671], [122440000.0, 0.18320653], [122430000.0, 0.32901677], [122420000.0, 0.20534662], [122410000.0, 0.04102837], [122400000.0, 0.11050393], [122390000.0, 0.00018515], [122380000.0, 0.00098053]], "asks": [[122880000.0, 0.00131935], [122830000.0, 0.002], [122800000.0, 0.2201287], [122740000.0, 0.21782922], [122710000.0, 0.0077], [122680000.0, 0.21987804], [122650000.0, 0.02555093], [122640000.0, 0.00562482], [122620000.0, 0.0363], [122610000.0, 0.69281751]]},
{"timestamp": 1743938594354, "bids": [[122480000.0, 0.024], [122470000.0, 0.03242446], [122450000.0, 0.00884671], [122440000.0, 0.18320653], [122430000.0, 0.32901677], [122420000.0, 0.20534662], [122410000.0, 0.04102837], [122400000.0, 0.11050393], [122390000.0, 0.00018515], [122380000.0, 0.00098053]], "asks": [[122880000.0, 0.00131935], [122830000.0, 0.002], [122800000.0, 0.2201287], [122740000.0, 0.21782922], [122710000.0, 0.0077], [122680000.0, 0.21987804], [122650000.0, 0.02555093], [122640000.0, 0.00562482], [122620000.0, 0.0363], [122610000.0, 0.69281751]]},
{"timestamp": 1743938594659, "bids": [[122480000.0, 0.024], [122470000.0, 0.03242446], [122450000.0, 0.00884671], [122440000.0, 0.18320653], [122430000.0, 0.32901677], [122420000.0, 0.20534662], [122410000.0, 0.04102837], [122400000.0, 0.11050393], [122390000.0, 0.00018515], [122380000.0, 0.00098053]], "asks": [[122880000.0, 0.00131935], [122830000.0, 0.002], [122800000.0, 0.2201287], [122740000.0, 0.21782922], [122710000.0, 0.0077], [122680000.0, 0.21987804], [122650000.0, 0.02555093], [122640000.0, 0.00562482], [122620000.0, 0.0363], [122610000.0, 0.69281751]]}
]