[
{"timestamp": 1743933599204, "bids": [[122914000.0, 0.00160371], [122909000.0, 0.03], [122908000.0, 0.03233785], [122888000.0, 0.00522], [122881000.0, 0.01626], [122820000.0, 0.0316], [122819000.0, 8.142e-05], [122818000.0, 8.142e-05], [122815000.0, 0.00130277], [122809000.0, 0.00533377]], "asks": [[122972000.0, 0.12871068], [122975000.0, 0.00132104], [122987000.0, 0.00130045], [122995000.0, 0.00138164], [122997000.0, 0.00121907], [123000000.0, 0.02502682], [123005000.0, 0.01], [123006000.0, 0.00028887], [123011000.0, 0.0311], [123012000.0, 0.0815712]]},
{"timestamp": 1743933599413, "bids": [[122914000.0, 0.00160371], [122909000.0, 0.03], [122908000.0, 0.03233785], [122888000.0, 0.00522], [122881000.0, 0.01626], [122820000.0, 0.0316], [122819000.0, 8.142e-05], [122818000.0, 8.142e-05], [122815000.0, 0.00130277], [122809000.0, 0.00533377]], "asks": [[122972000.0, 0.12871068], [122975000.0, 0.00132104], [122987000.0, 0.00130045], [122995000.0, 0.00138164], [122997000.0, 0.00121907], [123000000.0, 0.02502682], [123005000.0, 0.01], [123006000.0, 0.00028887], [123011000.0, 0.0311], [123012000.0, 0.0815712]]},
{"timestamp": 1743933599739, "bids": [[122914000.0, 0.00160371], [122909000.0, 0.03], [122908000.0, 0.03233785], [122888000.0, 0.00522], [122881000.0, 0.01626], [122820000.0, 0.0316], [122819000.0, 8.142e-05], [122818000.0, 8.142e-05], [122815000.0, 0.00130277], [122809000.0, 0.00533377]], "asks": [[122972000.0, 0.12871068], [122974000.0, 0.05], [122975000.0, 0.00132104], [122987000.0, 0.00130045], [122995000.0, 0.00138164], [122997000.0, 0.00121907], [123000000.0, 0.02502682], [123005000.0, 0.01], [123006000.0, 0.00028887], [123011000.0, 0.0311]]},
{"timestamp": 1743933599739, "bids": [[122914000.0, 0.00160371], [122909000.0, 0.03], [122908000.0, 0.03233785], [122888000.0, 0.00522], [122881000.0, 0.01626], [122820000.0, 0.0316], [122819000.0, 8.142e-05], [122818000.0, 8.142e-05], [122815000.0, 0.00130277], [122809000.0, 0.00533377]], "asks": [[122972000.0, 0.12871068], [122974000.0, 0.05], [122975000.0, 0.00132104], [122987000.0, 0.00130045], [122995000.0, 0.00138164], [122997000.0, 0.00121907], [123000000.0, 0.02502682], [123005000.0, 0.01], [123006000.0, 0.00028887], [123011000.0, 0.0311]]},
{"timestamp": 1743933600108, "bids": [[122914000.0, 0.00160371], [122909000.0, 0.03], [122908000.0, 0.03233785], [122888000.0, 0.00522], [122881000.0, 0.01626], [122820000.0, 0.0316], [122819000.0, 8.142e-05], [122818000.0, 8.142e-05], [122815000.0, 0.00130277], [122809000.0, 0.00533377]], "asks": [[122972000.0, 0.12871068], [122974000.0, 0.05], [122975000.0, 0.00132104], [122987000.0, 0.00130045], [122995000.0, 0.00138164], [122997000.0, 0.00121907], [123000000.0, 0.02502682], [123005000.0, 0.01], [123006000.0, 0.00028887], [123011000.0, 0.0311]]},
{"timestamp": 1743933600390, "bids": [[122914000.0, 0.00160371], [122909000.0, 0.03], [122908000.0, 0.03233785], [122888000.0, 0.00522], [122881000.0, 0.01626], [122820000.0, 0.0316], [122819000.0, 8.142e-05], [122818000.0, 8.142e-05], [122815000.0, 0.00130277], [122809000.0, 0.00533377]], "asks": [[122972000.0, 0.12871068], [122975000.0, 0.00132104], [122987000.0, 0.00130045], [122995000.0, 0.00138164], [122997000.0, 0.00121907], [123000000.0, 0.02502682], [123005000.0, 0.01], [123006000.0, 0.00028887], [123011000.0, 0.0311], [123012000.0, 0.0815712]]},
{"timestamp": 1743933600390, "bids": [[122914000.0, 0.00160371], [122909000.0, 0.03], [122908000.0, 0.03233785], [122888000.0, 0.00522], [122881000.0, 0.01626], [122820000.0, 0.0316], [122819000.0, 8.142e-05], [122818000.0, 8.142e-05], [122815000.0, 0.00130277], [122809000.0, 0.00533377]], "asks": [[122972000.0, 0.12871068], [122975000.0, 0.00132104], [122987000.0, 0.00130045], [122995000.0, 0.00138164], [122997000.0, 0.00121907], [123000000.0, 0.02502682], [123005000.0, 0.01], [123006000.0, 0.00028887], [123011000.0, 0.0311], [123012000.0, 0.0815712]]},
{"timestamp": 1743933600390, "bids": [[122914000.0, 0.00160371], [122909000.0, 0.03], [122908000.0, 0.03233785], [122888000.0, 0.00522], [122881000.0, 0.01626], [122820000.0, 0.0316], [122819000.0, 8.142e-05], [122818000.0, 8.142e-05], [122815000.0, 0.00130277], [122809000.0, 0.00533377]], "asks": [[122972000.0, 0.12871068], [122975000.0, 0.00132104], [122987000.0, 0.00130045], [122995000.0, 0.00138164], [122997000.0, 0.00121907], [123000000.0, 0.02502682], [123005000.0, 0.01], [123006000.0, 0.00028887], [123011000.0, 0.0311], [123012000.0, 0.0815712]]},
{"timestamp": 1743933600914, "bids": [[122914000.0, 0.00160371], [122909000.0, 0.03], [122908000.0, 0.03233785], [122888000.0, 0.00522], [122881000.0, 0.01626], [122820000.0, 0.0316], [122819000.0, 8.142e-05], [122818000.0, 8.142e-05], [122815000.0, 0.00130277], [122809000.0, 0.00533377]], "asks": [[122972000.0, 0.12871068], [122973000.0, 0.05], [122975000.0, 0.00132104], [122987000.0, 0.00130045], [122995000.0, 0.00138164], [122997000.0, 0.00121907], [123000000.0, 0.02502682], [123005000.0, 0.01], [123006000.0, 0.00028887], [123011000.0, 0.0311]]},
{"timestamp": 1743933601172, "bids": [[122914000.0, 0.00160371], [122909000.0, 0.03], [122908000.0, 0.03233785], [122888000.0, 0.00522], [122881000.0, 0.01626], [122820000.0, 0.0316], [122819000.0, 8.142e-05], [122818000.0, 8.142e-05], [122815000.0, 0.00130277], [122809000.0, 0.00533377]], "asks": [[122972000.0, 0.12871068], [122973000.0, 0.05], [122975000.0, 0.00132104], [122987000.0, 0.00130045], [122995000.0, 0.00138164], [122997000.0, 0.00121907], [123000000.0, 0.02502682], [123005000.0, 0.01], [123006000.0, 0.00028887], [123011000.0, 0.0311]]},
{"timestamp": 1743933601501, "bids": [[122914000.0, 0.00160371], [122909000.0, 0.03], [122908000.0, 0.03233785], [122888000.0, 0.00522], [122881000.0, 0.01626], [122820000.0, 0.0316], [122819000.0, 8.142e-05], [122818000.0, 8.142e-05], [122815000.0, 0.00130277], [122809000.0, 0.00533377]], "asks": [[122972000.0, 0.12871068], [122973000.0, 0.05], [122975000.0, 0.00132104], [122987000.0, 0.00130045], [122995000.0, 0.00138164], [122997000.0, 0.00121907], [123000000.0, 0.02502682], [123005000.0, 0.01], [123006000.0, 0.00028887], [123011000.0, 0.0311]]},
{"timestamp": 1743933602636, "bids": [[122914000.0, 0.00160371], [122909000.0, 0.03], [122908000.0, 0.03233785], [122888000.0, 0.00522], [122881000.0, 0.01626], [122820000.0, 0.0316], [122819000.0, 8.142e-05], [122818000.0, 8.142e-05], [122815000.0, 0.00130277], [122809000.0, 0.00533377]], "asks": [[122972000.0, 0.12871068], [122973000.0, 0.05], [122975000.0, 0.00132104], [122987000.0, 0.00130045], [122995000.0, 0.00138164], [122997000.0, 0.00121907], [123000000.0, 0.02502682], [123005000.0, 0.01], [123006000.0, 0.00028887], [123011000.0, 0.0311]]},
{"timestamp": 1743933602870, "bids": [[122914000.0, 0.00160371], [122909000.0, 0.03], [122908000.0, 0.03233785], [122888000.0, 0.00522], [122881000.0, 0.01626], [122820000.0, 0.0316], [122819000.0, 8.142e-05], [122818000.0, 8.142e-05], [122815000.0, 0.00130277], [122809000.0, 0.00533377]], "asks": [[122972000.0, 0.12871068], [122973000.0, 0.05], [122975000.0, 0.00132104], [122987000.0, 0.00130045], [122995000.0, 0.00138164], [122997000.0, 0.00121907], [123000000.0, 0.02502682], [123005000.0, 0.01], [123006000.0, 0.00028887], [123011000.0, 0.0311]]},
{"timestamp": 1743933602870, "bids": [[122914000.0, 0.00160371], [122909000.0, 0.03], [122908000.0, 0.03233785], [122888000.0, 0.00522], [122881000.0, 0.01626], [122820000.0, 0.0316], [122819000.0, 8.142e-05], [122818000.0, 8.142e-05], [122815000.0, 0.00130277], [122809000.0, 0.00533377]], "asks": [[122972000.0, 0.12871068], [122973000.0, 0.05], [122975000.0, 0.00132104], [122987000.0, 0.00130045], [122995000.0, 0.00138164], [122997000.0, 0.00121907], [123000000.0, 0.02502682], [123005000.0, 0.01], [123006000.0, 0.00028887], [123011000.0, 0.0311]]},
{"timestamp": 1743933602870, "bids": [[122914000.0, 0.00160371], [122909000.0, 0.03], [122908000.0, 0.03233785], [122888000.0, 0.00522], [122881000.0, 0.01626], [122820000.0, 0.0316], [122819000.0, 8.142e-05], [122818000.0, 8.142e-05], [122815000.0, 0.00130277], [122809000.0, 0.00533377]], "asks": [[122972000.0, 0.12871068], [122975000.0, 0.00132104], [122987000.0, 0.00130045], [122995000.0, 0.00138164], [122997000.0, 0.00121907], [123000000.0, 0.02502682], [123005000.0, 0.01], [123006000.0, 0.00028887], [123011000.0, 0.0311], [123012000.0, 0.0815712]]},
{"timestamp": 1743933603228, "bids": [[122914000.0, 0.00160371], [122909000.0, 0.03], [122908000.0, 0.03233785], [122888000.0, 0.00522], [122881000.0, 0.01626], [122820000.0, 0.0316], [122819000.0, 8.142e-05], [122818000.0, 8.142e-05], [122815000.0, 0.00130277], [122809000.0, 0.00533377]], "asks": [[122972000.0, 0.12871068], [122975000.0, 0.00132104], [122987000.0, 0.00130045], [122995000.0, 0.00138164], [122997000.0, 0.00121907], [123000000.0, 0.02502682], [123005000.0, 0.01], [123006000.0, 0.00028887], [123011000.0, 0.0311], [123012000.0, 0.0815712]]},
{"timestamp": 1743933603407, "bids": [[122914000.0, 0.00160371], [122909000.0, 0.03], [122908000.0, 0.03233785], [122888000.0, 0.00522], [122881000.0, 0.01626], [122820000.0, 0.0316], [122819000.0, 8.142e-05], [122818000.0, 8.142e-05], [122815000.0, 0.00130277], [122809000.0, 0.00533377]], "asks": [[122972000.0, 0.12871068], [122973000.0, 0.05], [122975000.0, 0.00132104], [122987000.0, 0.00130045], [122995000.0, 0.00138164], [122997000.0, 0.00121907], [123000000.0, 0.02502682], [123005000.0, 0.01], [123006000.0, 0.00028887], [123011000.0, 0.0311]]},
{"timestamp": 1743933603834, "bids": [[122914000.0, 0.00160371], [122909000.0, 0.03], [122908000.0, 0.03233785], [122888000.0, 0.00522], [122881000.0, 0.01626], [122820000.0, 0.0316], [122819000.0, 8.142e-05], [122818000.0, 8.142e-05], [122815000.0, 0.00130277], [122809000.0, 0.00533377]], "asks": [[122972000.0, 0.12871068], [122973000.0, 0.05], [122975000.0, 0.00132104], [122987000.0, 0.00130045], [122995000.0, 0.00138164], [122997000.0, 0.00121907], [123000000.0, 0.02502682], [123005000.0, 0.01], [123006000.0, 0.00028887], [123011000.0, 0.0311]]},
{"timestamp": 1743933604219, "bids": [[122914000.0, 0.00160371], [122909000.0, 0.03], [122908000.0, 0.03233785], [122888000.0, 0.00522], [122881000.0, 0.01626], [122820000.0, 0.0316], [122819000.0, 8.142e-05], [122818000.0, 8.142e-05], [122815000.0, 0.00130277], [122809000.0, 0.00533377]], "asks": [[122972000.0, 0.12871068], [122973000.0, 0.05], [122975000.0, 0.00132104], [122987000.0, 0.00130045], [122995000.0, 0.00138164], [122997000.0, 0.00121907], [123000000.0, 0.02502682], [123005000.0, 0.01], [123006000.0, 0.00028887], [123011000.0, 0.0311]]},
{"timestamp": 1743933604219, "bids": [[122914000.0, 0.00160371], [122909000.0, 0.03], [122908000.0, 0.03233785], [122888000.0, 0.00522], [122881000.0, 0.01626], [122820000.0, 0.0316], [122819000.0, 8.142e-05], [122818000.0, 8.142e-05], [122815000.0, 0.00130277], [122809000.0, 0.00533377]], "asks": [[122972000.0, 0.12871068], [122973000.0, 0.05], [122975000.0, 0.00132104], [122987000.0, 0.00130045], [122995000.0, 0.00138164], [122997000.0, 0.00121907], [123000000.0, 0.02502682], [123005000.0, 0.01], [123006000.0, 0.00028887], [123011000.0, 0.0311]]},
{"timestamp": 1743933604219, "bids": [[122914000.0, 0.00160371], [122909000.0, 0.03], [122908000.0, 0.03233785], [122888000.0, 0.00522], [122881000.0, 0.01626], [122820000.0, 0.0316], [122819000.0, 8.142e-05], [122818000.0, 8.142e-05], [122815000.0, 0.00130277], [122809000.0, 0.00533377]], "asks": [[122972000.0, 0.12871068], [122975000.0, 0.00132104], [122987000.0, 0.00130045], [122995000.0, 0.00138164], [122997000.0, 0.00121907], [123000000.0, 0.02502682], [123005000.0, 0.01], [123006000.0, 0.00028887], [123011000.0, 0.0311], [123012000.0, 0.0815712]]},
{"timestamp": 1743933604426, "bids": [[122914000.0, 0.00160371], [122909000.0, 0.03], [122908000.0, 0.03233785], [122888000.0, 0.00522], [122881000.0, 0.01626], [122820000.0, 0.0316], [122819000.0, 8.142e-05], [122818000.0, 8.142e-05], [122815000.0, 0.00130277], [122809000.0, 0.00533377]], "asks": [[122972000.0, 0.12871068], [122975000.0, 0.00132104], [122987000.0, 0.00130045], [122995000.0, 0.00138164], [122997000.0, 0.00121907], [123000000.0, 0.02502682], [123005000.0, 0.01], [123006000.0, 0.00028887], [123011000.0, 0.0311], [123012000.0, 0.0815712]]},
{"timestamp": 1743933604426, "bids": [[122914000.0, 0.00160371], [122909000.0, 0.03], [122908000.0, 0.03233785], [122888000.0, 0.00522], [122881000.0, 0.01626], [122820000.0, 0.0316], [122819000.0, 8.142e-05], [122818000.0, 8.142e-05], [122815000.0, 0.00130277], [122809000.0, 0.00533377]], "asks": [[122972000.0, 0.12871068], [122975000.0, 0.00132104], [122987000.0, 0.00130045], [122995000.0, 0.00138164], [122997000.0, 0.00121907], [123000000.0, 0.02502682], [123005000.0, 0.01], [123006000.0, 0.00028887], [123011000.0, 0.0311], [123012000.0, 0.0815712]]},
{"timestamp": 1743933604679, "bids": [[122914000.0, 0.00160371], [122909000.0, 0.03], [122908000.0, 0.03233785], [122888000.0, 0.00522], [122881000.0, 0.01626], [122820000.0, 0.0316], [122819000.0, 8.142e-05], [122818000.0, 8.142e-05], [122815000.0, 0.00130277], [122809000.0, 0.00533377]], "asks": [[122972000.0, 0.12871068], [122975000.0, 0.00132104], [122987000.0, 0.00130045], [122995000.0, 0.00138164], [122997000.0, 0.00121907], [123000000.0, 0.02502682], [123005000.0, 0.01], [123006000.0, 0.00028887], [123011000.0, 0.0311], [123012000.0, 0.0815712]]},
{"timestamp": 1743933604679, "bids": [[122914000.0, 0.00160371], [122909000.0, 0.03], [122908000.0, 0.03233785], [122888000.0, 0.00522], [122881000.0, 0.01626], [122820000.0, 0.0316], [122819000.0, 8.142e-05], [122818000.0, 8.142e-05], [122815000.0, 0.00130277], [122809000.0, 0.00533377]], "asks": [[122972000.0, 0.12871068], [122975000.0, 0.00132104], [122987000.0, 0.00130045], [122995000.0, 0.00138164], [122997000.0, 0.00121907], [123000000.0, 0.02502682], [123005000.0, 0.01], [123006000.0, 0.00028887], [123011000.0, 0.0311], [123012000.0, 0.0815712]]},
{"timestamp": 1743933604840, "bids": [[122914000.0, 0.00160371], [122909000.0, 0.03], [122908000.0, 0.03233785], [122888000.0, 0.00522], [122881000.0, 0.01626], [122820000.0, 0.0316], [122819000.0, 8.142e-05], [122818000.0, 8.142e-05], [122815000.0, 0.00130277], [122809000.0, 0.00533377]], "asks": [[122971000.0, 0.05], [122972000.0, 0.12871068], [122975000.0, 0.00132104], [122987000.0, 0.00130045], [122995000.0, 0.00138164], [122997000.0, 0.00121907], [123000000.0, 0.02502682], [123005000.0, 0.01], [123006000.0, 0.00028887], [123011000.0, 0.0311]]},
{"timestamp": 1743933605418, "bids": [[122914000.0, 0.00160371], [122909000.0, 0.03], [122908000.0, 0.03233785], [122888000.0, 0.00522], [122881000.0, 0.01626], [122820000.0, 0.0316], [122819000.0, 8.142e-05], [122818000.0, 8.142e-05], [122815000.0, 0.00130277], [122809000.0, 0.00533377]], "asks": [[122971000.0, 0.05], [122972000.0, 0.12871068], [122975000.0, 0.00132104], [122987000.0, 0.00130045], [122995000.0, 0.00138164], [122997000.0, 0.00121907], [123000000.0, 0.02502682], [123005000.0, 0.01], [123006000.0, 0.00028887], [123011000.0, 0.0311]]},
{"timestamp": 1743933605625, "bids": [[122914000.0, 0.00160371], [122909000.0, 0.03], [122908000.0, 0.03233785], [122888000.0, 0.00522], [122881000.0, 0.01626], [122820000.0, 0.0316], [122819000.0, 8.142e-05], [122818000.0, 8.142e-05], [122815000.0, 0.00130277], [122809000.0, 0.00533377]], "asks": [[122971000.0, 0.05], [122972000.0, 0.12871068], [122975000.0, 0.00132104], [122987000.0, 0.00130045], [122995000.0, 0.00138164], [122997000.0, 0.00121907], [123000000.0, 0.02502682], [123005000.0, 0.01], [123006000.0, 0.00028887], [123011000.0, 0.0311]]},
{"timestamp": 1743933605625, "bids": [[122914000.0, 0.00160371], [122909000.0, 0.03], [122908000.0, 0.03233785], [122888000.0, 0.00522], [122881000.0, 0.01626], [122820000.0, 0.0316], [122819000.0, 8.142e-05], [122818000.0, 8.142e-05], [122815000.0, 0.00130277], [122809000.0, 0.00533377]], "asks": [[122971000.0, 0.05], [122972000.0, 0.12871068], [122975000.0, 0.00132104], [122987000.0, 0.00130045], [122995000.0, 0.00138164], [122997000.0, 0.00121907], [123000000.0, 0.02502682], [123005000.0, 0.01], [123006000.0, 0.00028887], [123011000.0, 0.0311]]},
{"timestamp": 1743933606166, "bids": [[122914000.0, 0.00160371], [122909000.0, 0.03], [122908000.0, 0.03233785], [122888000.0, 0.00522], [122881000.0, 0.01626], [122820000.0, 0.0316], [122819000.0, 8.142e-05], [122818000.0, 8.142e-05], [122815000.0, 0.00130277], [122809000.0, 0.00533377]], "asks": [[122971000.0, 0.05], [122972000.0, 0.12871068], [122975000.0, 0.00132104], [122987000.0, 0.00130045], [122995000.0, 0.00138164], [122997000.0, 0.00121907], [123000000.0, 0.02502682], [123005000.0, 0.01], [123006000.0, 0.00028887], [123011000.0, 0.0311]]},
{"timestamp": 1743933606501, "bids": [[122914000.0, 0.00160371], [122909000.0, 0.03], [122908000.0, 0.03233785], [122888000.0, 0.00522], [122881000.0, 0.01626], [122820000.0, 0.0316], [122819000.0, 8.142e-05], [122818000.0, 8.142e-05], [122815000.0, 0.00130277], [122809000.0, 0.00533377]], "asks": [[122971000.0, 0.05], [122972000.0, 0.12871068], [122975000.0, 0.00132104], [122987000.0, 0.00130045], [122995000.0, 0.00138164], [122997000.0, 0.00121907], [123000000.0, 0.02502682], [123005000.0, 0.01], [123006000.0, 0.00028887], [123011000.0, 0.0311]]},
{"timestamp": 1743933607116, "bids": [[122914000.0, 0.00160371], [122909000.0, 0.03], [122908000.0, 0.03233785], [122888000.0, 0.00522], [122881000.0, 0.01626], [122820000.0, 0.0316], [122819000.0, 8.142e-05], [122818000.0, 8.142e-05], [122815000.0, 0.00130277], [122809000.0, 0.00533377]], "asks": [[122971000.0, 0.05], [122972000.0, 0.12871068], [122975000.0, 0.00132104], [122987000.0, 0.00130045], [122995000.0, 0.00138164], [122997000.0, 0.00121907], [123000000.0, 0.02502682], [123005000.0, 0.01], [123006000.0, 0.00028887], [123011000.0, 0.0311]]},
{"timestamp": 1743933607659, "bids": [[122914000.0, 0.00160371], [122909000.0, 0.03], [122908000.0, 0.03233785], [122888000.0, 0.00522], [122881000.0, 0.01626], [122820000.0, 0.0316], [122819000.0, 8.142e-05], [122818000.0, 8.142e-05], [122815000.0, 0.00130277], [122809000.0, 0.00533377]], "asks": [[122971000.0, 0.05], [122972000.0, 0.12871068], [122975000.0, 0.00132104], [122987000.0, 0.00130045], [122995000.0, 0.00138164], [122997000.0, 0.00121907], [123000000.0, 0.02502682], [123005000.0, 0.01], [123006000.0, 0.00028887], [123011000.0, 0.0311]]},
{"timestamp": 1743933608240, "bids": [[122914000.0, 0.00160371], [122909000.0, 0.03], [122908000.0, 0.03233785], [122888000.0, 0.00522], [122881000.0, 0.01626], [122820000.0, 0.0316], [122819000.0, 8.142e-05], [122818000.0, 8.142e-05], [122815000.0, 0.00130277], [122809000.0, 0.00533377]], "asks": [[122971000.0, 0.05], [122972000.0, 0.12871068], [122975000.0, 0.00132104], [122987000.0, 0.00130045], [122995000.0, 0.00138164], [122997000.0, 0.00121907], [123000000.0, 0.02502682], [123005000.0, 0.01], [123006000.0, 0.00028887], [123011000.0, 0.0311]]},
{"timestamp": 1743933608406, "bids": [[122914000.0, 0.00160371], [122909000.0, 0.03], [122908000.0, 0.03233785], [122888000.0, 0.00522], [122881000.0, 0.01626], [122820000.0, 0.0316], [122819000.0, 8.142e-05], [122818000.0, 8.142e-05], [122815000.0, 0.00130277], [122809000.0, 0.00533377]], "asks": [[122971000.0, 0.05], [122972000.0, 0.12871068], [122975000.0, 0.00132104], [122987000.0, 0.00130045], [122995000.0, 0.00138164], [122997000.0, 0.00121907], [123000000.0, 0.02502682], [123005000.0, 0.01], [123006000.0, 0.00028887], [123011000.0, 0.0311]]},
{"timestamp": 1743933608619, "bids": [[122914000.0, 0.00160371], [122909000.0, 0.03], [122908000.0, 0.03233785], [122888000.0, 0.00522], [122881000.0, 0.01626], [122820000.0, 0.0316], [122819000.0, 8.142e-05], [122818000.0, 8.142e-05], [122815000.0, 0.00130277], [122809000.0, 0.00533377]], "asks": [[122971000.0, 0.05], [122972000.0, 0.12871068], [122975000.0, 0.00132104], [122987000.0, 0.00130045], [122995000.0, 0.00138164], [122997000.0, 0.00121907], [123000000.0, 0.02502682], [123005000.0, 0.01], [123006000.0, 0.00028887], [123011000.0, 0.0311]]},
{"timestamp": 1743933608619, "bids": [[122914000.0, 0.00160371], [122909000.0, 0.03], [122908000.0, 0.03233785], [122888000.0, 0.00522], [122881000.0, 0.01626], [122820000.0, 0.0316], [122819000.0, 8.142e-05], [122818000.0, 8.142e-05], [122815000.0, 0.00130277], [122809000.0, 0.00533377]], "asks": [[122971000.0, 0.05], [122972000.0, 0.12871068], [122975000.0, 0.00132104], [122987000.0, 0.00130045], [122995000.0, 0.00138164], [122997000.0, 0.00121907], [123000000.0, 0.02502682], [123005000.0, 0.01], [123006000.0, 0.00028887], [123011000.0, 0.0311]]},
{"timestamp": 1743933608619, "bids": [[122914000.0, 0.00160371], [122909000.0, 0.03], [122908000.0, 0.03233785], [122888000.0, 0.00522], [122881000.0, 0.01626], [122820000.0, 0.0316], [122819000.0, 8.142e-05], [122818000.0, 8.142e-05], [122815000.0, 0.00130277], [122809000.0, 0.00533377]], "asks": [[122971000.0, 0.05], [122972000.0, 0.12871068], [122975000.0, 0.00132104], [122987000.0, 0.00130045], [122995000.0, 0.00138164], [122997000.0, 0.00121907], [123000000.0, 0.02502682], [123005000.0, 0.01], [123006000.0, 0.00028887], [123011000.0, 0.0311]]},
{"timestamp": 1743933608619, "bids": [[122914000.0, 0.00160371], [122909000.0, 0.03], [122908000.0, 0.03233785], [122888000.0, 0.00522], [122881000.0, 0.01626], [122820000.0, 0.0316], [122819000.0, 8.142e-05], [122818000.0, 8.142e-05], [122815000.0, 0.00130277], [122809000.0, 0.00533377]], "asks": [[122971000.0, 0.05], [122972000.0, 0.12871068], [122975000.0, 0.00132104], [122987000.0, 0.00130045], [122995000.0, 0.00138164], [122997000.0, 0.00121907], [123000000.0, 0.02502682], [123005000.0, 0.01], [123006000.0, 0.00028887], [123011000.0, 0.0311]]},
{"timestamp": 1743933608953, "bids": [[122914000.0, 0.00160371], [122909000.0, 0.03], [122908000.0, 0.03233785], [122888000.0, 0.00522], [122881000.0, 0.01626], [122820000.0, 0.0316], [122819000.0, 8.142e-05], [122818000.0, 8.142e-05], [122815000.0, 0.00130277], [122809000.0, 0.00533377]], "asks": [[122971000.0, 0.05], [122972000.0, 0.12871068], [122975000.0, 0.00132104], [122987000.0, 0.00130045], [122995000.0, 0.00138164], [122997000.0, 0.00121907], [123000000.0, 0.02502682], [123005000.0, 0.01], [123006000.0, 0.00028887], [123011000.0, 0.0311]]},
{"timestamp": 1743933609115, "bids": [[122914000.0, 0.00160371], [122909000.0, 0.03], [122908000.0, 0.03233785], [122888000.0, 0.00522], [122881000.0, 0.01626], [122820000.0, 0.0316], [122819000.0, 8.142e-05], [122818000.0, 8.142e-05], [122815000.0, 0.00130277], [122809000.0, 0.00533377]], "asks": [[122971000.0, 0.05], [122972000.0, 0.12871068], [122975000.0, 0.00132104], [122987000.0, 0.00130045], [122995000.0, 0.00138164], [122997000.0, 0.00121907], [123000000.0, 0.02502682], [123005000.0, 0.01], [123006000.0, 0.00028887], [123011000.0, 0.0311]]},
{"timestamp": 1743933609115, "bids": [[122914000.0, 0.00160371], [122909000.0, 0.03], [122908000.0, 0.03233785], [122888000.0, 0.00522], [122881000.0, 0.01626], [122820000.0, 0.0316], [122819000.0, 8.142e-05], [122818000.0, 8.142e-05], [122815000.0, 0.00130277], [122809000.0, 0.00533377]], "asks": [[122971000.0, 0.05], [122972000.0, 0.12871068], [122975000.0, 0.00132104], [122987000.0, 0.00130045], [122995000.0, 0.00138164], [122997000.0, 0.00121907], [123000000.0, 0.02502682], [123005000.0, 0.01], [123006000.0, 0.00028887], [123011000.0, 0.0311]]},
{"timestamp": 1743933609115, "bids": [[122914000.0, 0.00160371], [122909000.0, 0.03], [122908000.0, 0.03233785], [122888000.0, 0.00522], [122881000.0, 0.01626], [122820000.0, 0.0316], [122819000.0, 8.142e-05], [122818000.0, 8.142e-05], [122815000.0, 0.00130277], [122809000.0, 0.00533377]], "asks": [[122971000.0, 0.05], [122972000.0, 0.12871068], [122975000.0, 0.00132104], [122987000.0, 0.00130045], [122995000.0, 0.00138164], [122997000.0, 0.00121907], [123000000.0, 0.02502682], [123005000.0, 0.01], [123006000.0, 0.00028887], [123011000.0, 0.0311]]},
{"timestamp": 1743933609115, "bids": [[122914000.0, 0.00160371], [122909000.0, 0.03], [122908000.0, 0.03233785], [122888000.0, 0.00522], [122881000.0, 0.01626], [122820000.0, 0.0316], [122819000.0, 8.142e-05], [122818000.0, 8.142e-05], [122815000.0, 0.00130277], [122809000.0, 0.00533377]], "asks": [[122971000.0, 0.05], [122972000.0, 0.12871068], [122975000.0, 0.00132104], [122987000.0, 0.00130045], [122995000.0, 0.00138164], [122997000.0, 0.02811907], [123000000.0, 0.02502682], [123005000.0, 0.01], [123006000.0, 0.00028887], [123011000.0, 0.0311]]},
{"timestamp": 1743933609321, "bids": [[122914000.0, 0.00160371], [122909000.0, 0.03], [122908000.0, 0.03233785], [122888000.0, 0.00522], [122881000.0, 0.01626], [122820000.0, 0.0316], [122819000.0, 8.142e-05], [122818000.0, 8.142e-05], [122815000.0, 0.00130277], [122809000.0, 0.00533377]], "asks": [[122971000.0, 0.05], [122972000.0, 0.12871068], [122975000.0, 0.00132104], [122987000.0, 0.00130045], [122995000.0, 0.00138164], [122997000.0, 0.02811907], [123000000.0, 0.02502682], [123005000.0, 0.01], [123006000.0, 0.00028887], [123011000.0, 0.0311]]},
{"timestamp": 1743933609321, "bids": [[122914000.0, 0.00160371], [122909000.0, 0.03], [122908000.0, 0.03233785], [122888000.0, 0.00522], [122881000.0, 0.01626], [122820000.0, 0.0316], [122819000.0, 8.142e-05], [122818000.0, 8.142e-05], [122815000.0, 0.00130277], [122809000.0, 0.00533377]], "asks": [[122971000.0, 0.05], [122972000.0, 0.12871068], [122975000.0, 0.00132104], [122987000.0, 0.00130045], [122995000.0, 0.00138164], [122997000.0, 0.02811907], [123000000.0, 0.02502682], [123005000.0, 0.01], [123006000.0, 0.00028887], [123011000.0, 0.0311]]},
{"timestamp": 1743933609321, "bids": [[122914000.0, 0.00160371], [122909000.0, 0.03], [122908000.0, 0.03233785], [122888000.0, 0.00522], [122881000.0, 0.01626], [122820000.0, 0.0316], [122819000.0, 8.142e-05], [122818000.0, 8.142e-05], [122815000.0, 0.00130277], [122809000.0, 0.00533377]], "asks": [[122971000.0, 0.05], [122972000.0, 0.12871068], [122975000.0, 0.00132104], [122987000.0, 0.00130045], [122995000.0, 0.00138164], [122997000.0, 0.02811907], [123000000.0, 0.02502682], [123005000.0, 0.01], [123006000.0, 0.00028887], [123011000.0, 0.0311]]},
{"timestamp": 1743933609517, "bids": [[122914000.0, 0.00160371], [122909000.0, 0.03], [122908000.0, 0.03233785], [122888000.0, 0.00522], [122881000.0, 0.01626], [122820000.0, 0.0316], [122819000.0, 8.142e-05], [122818000.0, 8.142e-05], [122815000.0, 0.00130277], [122809000.0, 0.00533377]], "asks": [[122971000.0, 0.05], [122972000.0, 0.12871068], [122975000.0, 0.00132104], [122987000.0, 0.00130045], [122995000.0, 0.00138164], [122997000.0, 0.02811907], [123000000.0, 0.02502682], [123005000.0, 0.01], [123006000.0, 0.00028887], [123011000.0, 0.0311]]},
{"timestamp": 1743933609726, "bids": [[122914000.0, 0.00160371], [122909000.0, 0.03], [122908000.0, 0.03233785], [122888000.0, 0.00522], [122881000.0, 0.01626], [122820000.0, 0.0316], [122819000.0, 8.142e-05], [122818000.0, 8.142e-05], [122815000.0, 0.00130277], [122809000.0, 0.00533377]], "asks": [[122971000.0, 0.05], [122972000.0, 0.12871068], [122975000.0, 0.00132104], [122987000.0, 0.00130045], [122995000.0, 0.00138164], [122997000.0, 0.02811907], [123000000.0, 0.02502682], [123005000.0, 0.01], [123006000.0, 0.00550887], [123011000.0, 0.0311]]},
{"timestamp": 1743933609920, "bids": [[122914000.0, 0.00160371], [122909000.0, 0.03], [122908000.0, 0.03233785], [122888000.0, 0.00522], [122881000.0, 0.01626], [122820000.0, 0.0316], [122819000.0, 8.142e-05], [122818000.0, 8.142e-05], [122815000.0, 0.00130277], [122809000.0, 0.00533377]], "asks": [[122971000.0, 0.05], [122972000.0, 0.12871068], [122975000.0, 0.00132104], [122987000.0, 0.00130045], [122995000.0, 0.00138164], [122997000.0, 0.02811907], [123000000.0, 0.02502682], [123005000.0, 0.01], [123006000.0, 0.00550887], [123011000.0, 0.0311]]},
{"timestamp": 1743933609920, "bids": [[122914000.0, 0.00160371], [122909000.0, 0.03], [122908000.0, 0.03233785], [122888000.0, 0.00522], [122881000.0, 0.01626], [122820000.0, 0.0316], [122819000.0, 8.142e-05], [122818000.0, 8.142e-05], [122815000.0, 0.00130277], [122809000.0, 0.00533377]], "asks": [[122971000.0, 0.05], [122972000.0, 0.12871068], [122975000.0, 0.00132104], [122987000.0, 0.00130045], [122995000.0, 0.00138164], [122997000.0, 0.02811907], [123000000.0, 0.02502682], [123005000.0, 0.01], [123006000.0, 0.00550887], [123011000.0, 0.0311]]},
{"timestamp": 1743933610202, "bids": [[122909000.0, 0.03], [122908000.0, 0.03233785], [122888000.0, 0.00522], [122881000.0, 0.01626], [122820000.0, 0.0316], [122819000.0, 8.142e-05], [122818000.0, 8.142e-05], [122815000.0, 0.00130277], [122809000.0, 0.00533377], [122808000.0, 8.142e-05]], "asks": [[122971000.0, 0.05], [122972000.0, 0.12871068], [122975000.0, 0.00132104], [122987000.0, 0.00130045], [122995000.0, 0.00138164], [122997000.0, 0.02811907], [123000000.0, 0.02502682], [123005000.0, 0.01], [123006000.0, 0.00550887], [123011000.0, 0.0311]]},
{"timestamp": 1743933610523, "bids": [[122909000.0, 0.03], [122908000.0, 0.03233785], [122888000.0, 0.00522], [122881000.0, 0.01626], [122820000.0, 0.0316], [122819000.0, 8.142e-05], [122818000.0, 8.142e-05], [122815000.0, 0.00130277], [122809000.0, 0.00533377], [122808000.0, 8.142e-05]], "asks": [[122971000.0, 0.05], [122972000.0, 0.12871068], [122975000.0, 0.00132104], [122987000.0, 0.00130045], [122995000.0, 0.00138164], [122997000.0, 0.02811907], [123000000.0, 0.02502682], [123005000.0, 0.01], [123006000.0, 0.00550887], [123011000.0, 0.0311]]},
{"timestamp": 1743933610736, "bids": [[122909000.0, 0.03], [122908000.0, 0.03233785], [122888000.0, 0.00522], [122881000.0, 0.01626], [122820000.0, 0.0316], [122819000.0, 8.142e-05], [122818000.0, 8.142e-05], [122815000.0, 0.00130277], [122809000.0, 0.00533377], [122808000.0, 8.142e-05]], "asks": [[122971000.0, 0.05], [122972000.0, 0.12871068], [122975000.0, 0.00132104], [122987000.0, 0.00130045], [122995000.0, 0.00138164], [122997000.0, 0.02811907], [123000000.0, 0.02502682], [123005000.0, 0.01], [123006000.0, 0.00550887], [123011000.0, 0.0311]]},
{"timestamp": 1743933610736, "bids": [[122909000.0, 0.03], [122908000.0, 0.03233785], [122888000.0, 0.00522], [122881000.0, 0.01626], [122820000.0, 0.0316], [122819000.0, 8.142e-05], [122818000.0, 8.142e-05], [122815000.0, 0.00130277], [122809000.0, 0.00533377], [122808000.0, 8.142e-05]], "asks": [[122971000.0, 0.05], [122972000.0, 0.12871068], [122975000.0, 0.00132104], [122987000.0, 0.00130045], [122995000.0, 0.00138164], [122997000.0, 0.02811907], [123000000.0, 0.02502682], [123005000.0, 0.01], [123006000.0, 0.00550887], [123011000.0, 0.0311]]},
{"timestamp": 1743933610936, "bids": [[122909000.0, 0.03], [122908000.0, 0.03233785], [122888000.0, 0.00522], [122881000.0, 0.01626], [122820000.0, 0.0316], [122819000.0, 8.142e-05], [122818000.0, 8.142e-05], [122815000.0, 0.00130277], [122809000.0, 0.00533377], [122808000.0, 8.142e-05]], "asks": [[122971000.0, 0.05], [122972000.0, 0.12871068], [122975000.0, 0.00132104], [122987000.0, 0.00130045], [122995000.0, 0.00138164], [122997000.0, 0.02811907], [123000000.0, 0.02502682], [123005000.0, 0.01], [123006000.0, 0.00550887], [123011000.0, 0.0311]]},
{"timestamp": 1743933611140, "bids": [[122909000.0, 0.03], [122908000.0, 0.03233785], [122888000.0, 0.00522], [122881000.0, 0.01626], [122820000.0, 0.0316], [122819000.0, 8.142e-05], [122818000.0, 8.142e-05], [122815000.0, 0.00130277], [122809000.0, 0.00533377], [122808000.0, 8.142e-05]], "asks": [[122971000.0, 0.05], [122972000.0, 0.12871068], [122975000.0, 0.00132104], [122987000.0, 0.00130045], [122995000.0, 0.00138164], [122997000.0, 0.02811907], [123000000.0, 0.02502682], [123005000.0, 0.01], [123006000.0, 0.00550887], [123011000.0, 0.0311]]},
{"timestamp": 1743933611140, "bids": [[122909000.0, 0.03], [122908000.0, 0.03233785], [122888000.0, 0.00522], [122881000.0, 0.01626], [122820000.0, 0.0316], [122819000.0, 8.142e-05], [122818000.0, 8.142e-05], [122815000.0, 0.00130277], [122809000.0, 0.00533377], [122808000.0, 8.142e-05]], "asks": [[122971000.0, 0.05], [122972000.0, 0.12871068], [122975000.0, 0.00132104], [122987000.0, 0.00130045], [122995000.0, 0.00138164], [122997000.0, 0.02811907], [123000000.0, 0.02502682], [123005000.0, 0.01], [123006000.0, 0.00550887], [123011000.0, 0.0311]]},
{"timestamp": 1743933611506, "bids": [[122909000.0, 0.03], [122908000.0, 0.03233785], [122888000.0, 0.00522], [122881000.0, 0.01626], [122820000.0, 0.0316], [122819000.0, 8.142e-05], [122818000.0, 8.142e-05], [122815000.0, 0.00130277], [122809000.0, 0.00533377], [122808000.0, 8.142e-05]], "asks": [[122971000.0, 0.05], [122972000.0, 0.12871068], [122975000.0, 0.00132104], [122987000.0, 0.00130045], [122995000.0, 0.00138164], [122997000.0, 0.02811907], [123000000.0, 0.02502682], [123005000.0, 0.01], [123006000.0, 0.00550887], [123011000.0, 0.0311]]},
{"timestamp": 1743933611506, "bids": [[122909000.0, 0.03], [122908000.0, 0.03233785], [122888000.0, 0.00522], [122881000.0, 0.01626], [122820000.0, 0.0316], [122819000.0, 8.142e-05], [122818000.0, 8.142e-05], [122815000.0, 0.00130277], [122809000.0, 0.00533377], [122808000.0, 8.142e-05]], "asks": [[122971000.0, 0.05], [122972000.0, 0.12871068], [122975000.0, 0.00132104], [122987000.0, 0.00130045], [122995000.0, 0.00138164], [122997000.0, 0.02811907], [123000000.0, 0.02502682], [123005000.0, 0.01], [123006000.0, 0.00550887], [123011000.0, 0.0311]]},
{"timestamp": 1743933611739, "bids": [[122909000.0, 0.03], [122908000.0, 0.03233785], [122888000.0, 0.00522], [122881000.0, 0.01626], [122820000.0, 0.0316], [122819000.0, 8.142e-05], [122818000.0, 8.142e-05], [122815000.0, 0.00130277], [122809000.0, 0.00533377], [122808000.0, 8.142e-05]], "asks": [[122971000.0, 0.05], [122972000.0, 0.12871068], [122975000.0, 0.00132104], [122987000.0, 0.00130045], [122995000.0, 0.00138164], [122997000.0, 0.02811907], [123000000.0, 0.02502682], [123005000.0, 0.01], [123006000.0, 0.00550887], [123011000.0, 0.0311]]},
{"timestamp": 1743933611739, "bids": [[122909000.0, 0.03], [122908000.0, 0.03233785], [122888000.0, 0.00522], [122881000.0, 0.01626], [122820000.0, 0.0316], [122819000.0, 8.142e-05], [122818000.0, 8.142e-05], [122815000.0, 0.00130277], [122809000.0, 0.00533377], [122808000.0, 8.142e-05]], "asks": [[122971000.0, 0.05], [122972000.0, 0.12871068], [122975000.0, 0.00132104], [122987000.0, 0.00130045], [122995000.0, 0.00138164], [122997000.0, 0.02811907], [123000000.0, 0.02502682], [123005000.0, 0.01], [123006000.0, 0.00550887], [123011000.0, 0.0311]]},
{"timestamp": 1743933612171, "bids": [[122909000.0, 0.03], [122908000.0, 0.03233785], [122888000.0, 0.00522], [122881000.0, 0.01626], [122820000.0, 0.0316], [122819000.0, 8.142e-05], [122818000.0, 8.142e-05], [122815000.0, 0.00130277], [122809000.0, 0.00533377], [122808000.0, 8.142e-05]], "asks": [[122971000.0, 0.05], [122972000.0, 0.12871068], [122975000.0, 0.00132104], [122987000.0, 0.00130045], [122995000.0, 0.00138164], [122997000.0, 0.02811907], [123000000.0, 0.02502682], [123005000.0, 0.01], [123006000.0, 0.00550887], [123011000.0, 0.0311]]},
{"timestamp": 1743933612311, "bids": [[122909000.0, 0.03], [122908000.0, 0.03233785], [122888000.0, 0.00522], [122881000.0, 0.01626], [122820000.0, 0.0316], [122819000.0, 8.142e-05], [122818000.0, 8.142e-05], [122815000.0, 0.00130277], [122809000.0, 0.00533377], [122808000.0, 8.142e-05]], "asks": [[122971000.0, 0.05], [122972000.0, 0.12871068], [122975000.0, 0.00132104], [122987000.0, 0.00130045], [122995000.0, 0.00138164], [122997000.0, 0.02811907], [123000000.0, 0.02502682], [123005000.0, 0.01], [123006000.0, 0.00550887], [123011000.0, 0.0311]]},
{"timestamp": 1743933612311, "bids": [[122909000.0, 0.03], [122908000.0, 0.03233785], [122888000.0, 0.00522], [122881000.0, 0.01626], [122820000.0, 0.0316], [122819000.0, 8.142e-05], [122818000.0, 8.142e-05], [122815000.0, 0.00130277], [122809000.0, 0.00533377], [122808000.0, 8.142e-05]], "asks": [[122971000.0, 0.05], [122972000.0, 0.12871068], [122975000.0, 0.00132104], [122987000.0, 0.00130045], [122995000.0, 0.00138164], [122997000.0, 0.02811907], [123000000.0, 0.02502682], [123005000.0, 0.01], [123006000.0, 0.00550887], [123011000.0, 0.0311]]},
{"timestamp": 1743933612911, "bids": [[122909000.0, 0.03], [122908000.0, 0.03233785], [122888000.0, 0.00522], [122881000.0, 0.01626], [122820000.0, 0.0316], [122819000.0, 8.142e-05], [122818000.0, 8.142e-05], [122815000.0, 0.00130277], [122809000.0, 0.00533377], [122808000.0, 8.142e-05]], "asks": [[122971000.0, 0.05], [122972000.0, 0.12871068], [122975000.0, 0.00132104], [122987000.0, 0.00130045], [122995000.0, 0.00138164], [122997000.0, 0.02811907], [123000000.0, 0.02502682], [123005000.0, 0.01], [123006000.0, 0.00550887], [123011000.0, 0.0311]]},
{"timestamp": 1743933613115, "bids": [[122909000.0, 0.03], [122908000.0, 0.03233785], [122888000.0, 0.00522], [122881000.0, 0.01626], [122820000.0, 0.0316], [122819000.0, 8.142e-05], [122818000.0, 8.142e-05], [122815000.0, 0.00130277], [122809000.0, 0.00533377], [122808000.0, 8.142e-05]], "asks": [[122971000.0, 0.05], [122972000.0, 0.12871068], [122975000.0, 0.00132104], [122987000.0, 0.00130045], [122995000.0, 0.00138164], [122997000.0, 0.02811907], [123000000.0, 0.02502682], [123005000.0, 0.01], [123006000.0, 0.00550887], [123011000.0, 0.0311]]},
{"timestamp": 1743933613323, "bids": [[122909000.0, 0.03], [122908000.0, 0.03233785], [122888000.0, 0.00522], [122881000.0, 0.01626], [122820000.0, 0.0316], [122819000.0, 8.142e-05], [122818000.0, 8.142e-05], [122815000.0, 0.00130277], [122809000.0, 0.00533377], [122808000.0, 8.142e-05]], "asks": [[122971000.0, 0.05], [122972000.0, 0.12871068], [122975000.0, 0.00132104], [122987000.0, 0.00130045], [122995000.0, 0.00138164], [122997000.0, 0.02811907], [123000000.0, 0.02502682], [123005000.0, 0.01], [123006000.0, 0.00550887], [123011000.0, 0.0311]]},
{"timestamp": 1743933613323, "bids": [[122909000.0, 0.03], [122908000.0, 0.03233785], [122888000.0, 0.00522], [122881000.0, 0.01626], [122820000.0, 0.0316], [122819000.0, 8.142e-05], [122818000.0, 8.142e-05], [122815000.0, 0.00130277], [122809000.0, 0.00533377], [122808000.0, 8.142e-05]], "asks": [[122971000.0, 0.05], [122972000.0, 0.12871068], [122975000.0, 0.00132104], [122987000.0, 0.00130045], [122995000.0, 0.00138164], [122997000.0, 0.02811907], [123000000.0, 0.02502682], [123005000.0, 0.01], [123006000.0, 0.00550887], [123011000.0, 0.0311]]},
{"timestamp": 1743933613323, "bids": [[122909000.0, 0.03], [122908000.0, 0.03233785], [122888000.0, 0.00522], [122881000.0, 0.01626], [122820000.0, 0.0316], [122819000.0, 8.142e-05], [122818000.0, 8.142e-05], [122815000.0, 0.00130277], [122809000.0, 0.00533377], [122808000.0, 8.142e-05]], "asks": [[122971000.0, 0.05], [122972000.0, 0.12871068], [122975000.0, 0.00132104], [122987000.0, 0.00130045], [122995000.0, 0.00138164], [122997000.0, 0.02811907], [123000000.0, 0.02502682], [123005000.0, 0.01], [123006000.0, 0.00550887], [123011000.0, 0.0311]]},
{"timestamp": 1743933613703, "bids": [[122909000.0, 0.03], [122908000.0, 0.03233785], [122888000.0, 0.00522], [122881000.0, 0.01626], [122820000.0, 0.0316], [122819000.0, 8.142e-05], [122818000.0, 8.142e-05], [122815000.0, 0.00130277], [122809000.0, 0.00533377], [122808000.0, 8.142e-05]], "asks": [[122971000.0, 0.05], [122972000.0, 0.12871068], [122975000.0, 0.00132104], [122987000.0, 0.00130045], [122995000.0, 0.00138164], [122997000.0, 0.02811907], [123000000.0, 0.02502682], [123005000.0, 0.01], [123006000.0, 0.00550887], [123011000.0, 0.0311]]},
{"timestamp": 1743933614020, "bids": [[122909000.0, 0.03], [122908000.0, 0.03233785], [122888000.0, 0.00522], [122881000.0, 0.01626], [122820000.0, 0.0316], [122819000.0, 8.142e-05], [122818000.0, 8.142e-05], [122815000.0, 0.00130277], [122809000.0, 0.00533377], [122808000.0, 8.142e-05]], "asks": [[122971000.0, 0.05], [122972000.0, 0.12871068], [122975000.0, 0.00132104], [122987000.0, 0.00130045], [122995000.0, 0.00138164], [122997000.0, 0.02811907], [123000000.0, 0.02502682], [123005000.0, 0.01], [123006000.0, 0.00550887], [123011000.0, 0.0311]]},
{"timestamp": 1743933614289, "bids": [[122909000.0, 0.03], [122908000.0, 0.03233785], [122888000.0, 0.00522], [122881000.0, 0.01626], [122820000.0, 0.0316], [122819000.0, 8.142e-05], [122818000.0, 8.142e-05], [122815000.0, 0.00130277], [122809000.0, 0.00533377], [122808000.0, 8.142e-05]], "asks": [[122971000.0, 0.05], [122972000.0, 0.12871068], [122975000.0, 0.00132104], [122987000.0, 0.00130045], [122995000.0, 0.00138164], [122997000.0, 0.02811907], [123000000.0, 0.02502682], [123005000.0, 0.01], [123006000.0, 0.00550887], [123011000.0, 0.0311]]},
{"timestamp": 1743933614289, "bids": [[122909000.0, 0.03], [122908000.0, 0.03233785], [122888000.0, 0.00522], [122881000.0, 0.01626], [122819000.0, 8.142e-05], [122818000.0, 8.142e-05], [122815000.0, 0.00130277], [122809000.0, 0.00533377], [122808000.0, 8.142e-05], [122806000.0, 8.142e-05]], "asks": [[122971000.0, 0.05], [122972000.0, 0.12871068], [122975000.0, 0.00132104], [122987000.0, 0.00130045], [122995000.0, 0.00138164], [122997000.0, 0.02811907], [123000000.0, 0.02502682], [123005000.0, 0.01], [123006000.0, 0.00550887], [123011000.0, 0.0311]]},
{"timestamp": 1743933614515, "bids": [[122909000.0, 0.03], [122908000.0, 0.03233785], [122888000.0, 0.00522], [122881000.0, 0.01626], [122819000.0, 8.142e-05], [122818000.0, 8.142e-05], [122815000.0, 0.00130277], [122809000.0, 0.00533377], [122808000.0, 8.142e-05], [122806000.0, 8.142e-05]], "asks": [[122971000.0, 0.05], [122972000.0, 0.12871068], [122975000.0, 0.00132104], [122987000.0, 0.00130045], [122995000.0, 0.00138164], [122997000.0, 0.02811907], [123000000.0, 0.02502682], [123005000.0, 0.01], [123006000.0, 0.00550887], [123011000.0, 0.0311]]},
{"timestamp": 1743933614781, "bids": [[122909000.0, 0.03], [122908000.0, 0.03233785], [122888000.0, 0.00522], [122881000.0, 0.01626], [122819000.0, 8.142e-05], [122818000.0, 8.142e-05], [122815000.0, 0.00130277], [122809000.0, 0.00533377], [122808000.0, 8.142e-05], [122806000.0, 8.142e-05]], "asks": [[122971000.0, 0.05], [122972000.0, 0.12871068], [122975000.0, 0.00132104], [122987000.0, 0.00130045], [122995000.0, 0.00138164], [122997000.0, 0.02811907], [123000000.0, 0.02502682], [123005000.0, 0.01], [123006000.0, 0.00550887], [123011000.0, 0.0311]]},
{"timestamp": 1743933614781, "bids": [[122909000.0, 0.03], [122908000.0, 0.03233785], [122888000.0, 0.00522], [122881000.0, 0.01626], [122819000.0, 8.142e-05], [122818000.0, 8.142e-05], [122815000.0, 0.00130277], [122809000.0, 0.00533377], [122808000.0, 8.142e-05], [122806000.0, 8.142e-05]], "asks": [[122971000.0, 0.05], [122972000.0, 0.12871068], [122975000.0, 0.00132104], [122987000.0, 0.00130045], [122995000.0, 0.00138164], [122997000.0, 0.02811907], [123000000.0, 0.02502682], [123005000.0, 0.01], [123006000.0, 0.00550887], [123011000.0, 0.0311]]},
{"timestamp": 1743933614781, "bids": [[122909000.0, 0.03], [122908000.0, 0.03233785], [122888000.0, 0.00522], [122881000.0, 0.01626], [122819000.0, 8.142e-05], [122818000.0, 8.142e-05], [122815000.0, 0.00130277], [122809000.0, 0.00533377], [122808000.0, 8.142e-05], [122806000.0, 8.142e-05]], "asks": [[122971000.0, 0.05], [122972000.0, 0.12871068], [122975000.0, 0.00132104], [122987000.0, 0.00130045], [122995000.0, 0.00138164], [122997000.0, 0.02811907], [123000000.0, 0.02502682], [123005000.0, 0.01], [123006000.0, 0.00550887], [123011000.0, 0.0311]]},
{"timestamp": 1743933614910, "bids": [[122909000.0, 0.03], [122908000.0, 0.03233785], [122888000.0, 0.00522], [122881000.0, 0.01626], [122819000.0, 8.142e-05], [122818000.0, 8.142e-05], [122815000.0, 0.00130277], [122809000.0, 0.00533377], [122808000.0, 8.142e-05], [122806000.0, 8.142e-05]], "asks": [[122971000.0, 0.05], [122972000.0, 0.12871068], [122975000.0, 0.00132104], [122987000.0, 0.00130045], [122995000.0, 0.00138164], [122997000.0, 0.02811907], [123000000.0, 0.02502682], [123005000.0, 0.01], [123006000.0, 0.00550887], [123011000.0, 0.0311]]},
{"timestamp": 1743933615110, "bids": [[122909000.0, 0.03], [122908000.0, 0.03233785], [122888000.0, 0.00522], [122881000.0, 0.01626], [122819000.0, 8.142e-05], [122818000.0, 8.142e-05], [122815000.0, 0.00130277], [122809000.0, 0.00533377], [122808000.0, 8.142e-05], [122806000.0, 8.142e-05]], "asks": [[122971000.0, 0.05], [122972000.0, 0.12871068], [122975000.0, 0.00132104], [122987000.0, 0.00130045], [122995000.0, 0.00138164], [122997000.0, 0.02811907], [123000000.0, 0.02502682], [123005000.0, 0.01], [123006000.0, 0.00550887], [123011000.0, 0.0311]]},
{"timestamp": 1743933615110, "bids": [[122909000.0, 0.03], [122908000.0, 0.03233785], [122888000.0, 0.00522], [122881000.0, 0.01626], [122819000.0, 8.142e-05], [122818000.0, 8.142e-05], [122815000.0, 0.00130277], [122809000.0, 0.00533377], [122808000.0, 8.142e-05], [122806000.0, 8.142e-05]], "asks": [[122971000.0, 0.05], [122972000.0, 0.12871068], [122975000.0, 0.00132104], [122987000.0, 0.00130045], [122995000.0, 0.00138164], [122997000.0, 0.02811907], [123000000.0, 0.02502682], [123005000.0, 0.01], [123006000.0, 0.00550887], [123011000.0, 0.0311]]},
{"timestamp": 1743933616112, "bids": [[122909000.0, 0.03], [122908000.0, 0.03233785], [122888000.0, 0.00522], [122881000.0, 0.01626], [122819000.0, 8.142e-05], [122818000.0, 8.142e-05], [122815000.0, 0.00130277], [122809000.0, 0.00533377], [122808000.0, 8.142e-05], [122806000.0, 8.142e-05]], "asks": [[122971000.0, 0.05], [122972000.0, 0.12871068], [122975000.0, 0.00132104], [122987000.0, 0.00130045], [122995000.0, 0.00138164], [122997000.0, 0.02811907], [123000000.0, 0.02502682], [123005000.0, 0.01], [123006000.0, 0.00550887], [123011000.0, 0.0311]]},
{"timestamp": 1743933616387, "bids": [[122909000.0, 0.03], [122908000.0, 0.03233785], [122888000.0, 0.00522], [122881000.0, 0.01626], [122819000.0, 8.142e-05], [122818000.0, 8.142e-05], [122815000.0, 0.00130277], [122809000.0, 0.00533377], [122808000.0, 8.142e-05], [122806000.0, 8.142e-05]], "asks": [[122971000.0, 0.05], [122972000.0, 0.12871068], [122975000.0, 0.00132104], [122987000.0, 0.00130045], [122995000.0, 0.00138164], [122997000.0, 0.02811907], [123000000.0, 0.02502682], [123005000.0, 0.01], [123006000.0, 0.00550887], [123011000.0, 0.0311]]},
{"timestamp": 1743933616387, "bids": [[122909000.0, 0.03], [122908000.0, 0.03233785], [122888000.0, 0.00522], [122881000.0, 0.01626], [122819000.0, 8.142e-05], [122818000.0, 8.142e-05], [122815000.0, 0.00130277], [122809000.0, 0.00533377], [122808000.0, 8.142e-05], [122806000.0, 8.142e-05]], "asks": [[122971000.0, 0.05], [122972000.0, 0.12871068], [122975000.0, 0.00132104], [122987000.0, 0.00130045], [122995000.0, 0.00138164], [122997000.0, 0.02811907], [123000000.0, 0.02502682], [123005000.0, 0.01], [123006000.0, 0.00550887], [123011000.0, 0.0311]]},
{"timestamp": 1743933616510, "bids": [[122909000.0, 0.03], [122908000.0, 0.03233785], [122888000.0, 0.00522], [122881000.0, 0.01626], [122819000.0, 8.142e-05], [122818000.0, 8.142e-05], [122815000.0, 0.00130277], [122809000.0, 0.00533377], [122808000.0, 8.142e-05], [122806000.0, 8.142e-05]], "asks": [[122971000.0, 0.05], [122972000.0, 0.12871068], [122975000.0, 0.00132104], [122987000.0, 0.00130045], [122995000.0, 0.00138164], [122997000.0, 0.02811907], [123000000.0, 0.02502682], [123005000.0, 0.01], [123006000.0, 0.00550887], [123011000.0, 0.0311]]},
{"timestamp": 1743933616793, "bids": [[122909000.0, 0.03], [122908000.0, 0.03233785], [122888000.0, 0.00522], [122881000.0, 0.01626], [122819000.0, 8.142e-05], [122818000.0, 8.142e-05], [122815000.0, 0.00130277], [122809000.0, 0.00533377], [122808000.0, 8.142e-05], [122806000.0, 8.142e-05]], "asks": [[122971000.0, 0.05], [122972000.0, 0.12871068], [122975000.0, 0.00132104], [122987000.0, 0.00130045], [122995000.0, 0.00138164], [122997000.0, 0.02811907], [123000000.0, 0.02502682], [123005000.0, 0.01], [123006000.0, 0.00550887], [123011000.0, 0.0311]]},
{"timestamp": 1743933617332, "bids": [[122909000.0, 0.03], [122908000.0, 0.03233785], [122888000.0, 0.00522], [122881000.0, 0.01626], [122819000.0, 8.142e-05], [122818000.0, 8.142e-05], [122815000.0, 0.00130277], [122809000.0, 0.00533377], [122808000.0, 8.142e-05], [122806000.0, 8.142e-05]], "asks": [[122971000.0, 0.05], [122972000.0, 0.12871068], [122975000.0, 0.00132104], [122987000.0, 0.00130045], [122995000.0, 0.00138164], [122997000.0, 0.02811907], [123000000.0, 0.02502682], [123005000.0, 0.01], [123006000.0, 0.00550887], [123011000.0, 0.0311]]},
{"timestamp": 1743933617332, "bids": [[122909000.0, 0.03], [122908000.0, 0.03233785], [122888000.0, 0.00522], [122881000.0, 0.01626], [122819000.0, 8.142e-05], [122818000.0, 8.142e-05], [122815000.0, 0.00130277], [122809000.0, 0.00533377], [122808000.0, 8.142e-05], [122806000.0, 8.142e-05]], "asks": [[122971000.0, 0.05], [122972000.0, 0.12871068], [122975000.0, 0.00132104], [122987000.0, 0.00130045], [122995000.0, 0.00138164], [122997000.0, 0.02811907], [123000000.0, 0.02502682], [123005000.0, 0.01], [123006000.0, 0.00550887], [123011000.0, 0.0311]]},
{"timestamp": 1743933617332, "bids": [[122909000.0, 0.03], [122908000.0, 0.03233785], [122888000.0, 0.00522], [122881000.0, 0.01626], [122819000.0, 8.142e-05], [122818000.0, 8.142e-05], [122815000.0, 0.00130277], [122809000.0, 0.00533377], [122808000.0, 8.142e-05], [122806000.0, 8.142e-05]], "asks": [[122971000.0, 0.05], [122972000.0, 0.12871068], [122975000.0, 0.00132104], [122987000.0, 0.00130045], [122995000.0, 0.00138164], [122997000.0, 0.02811907], [123000000.0, 0.02502682], [123005000.0, 0.01], [123006000.0, 0.00550887], [123011000.0, 0.0311]]},
{"timestamp": 1743933617763, "bids": [[122909000.0, 0.03], [122908000.0, 0.03233785], [122888000.0, 0.00522], [122881000.0, 0.01626], [122819000.0, 8.142e-05], [122818000.0, 8.142e-05], [122815000.0, 0.00130277], [122809000.0, 0.00533377], [122808000.0, 8.142e-05], [122806000.0, 8.142e-05]], "asks": [[122971000.0, 0.05], [122972000.0, 0.12871068], [122975000.0, 0.00132104], [122987000.0, 0.00130045], [122995000.0, 0.00138164], [122997000.0, 0.02811907], [123000000.0, 0.02502682], [123005000.0, 0.01], [123006000.0, 0.00550887], [123011000.0, 0.0311]]},
{"timestamp": 1743933618404, "bids": [[122909000.0, 0.03], [122908000.0, 0.03233785], [122888000.0, 0.00522], [122881000.0, 0.01626], [122819000.0, 8.142e-05], [122818000.0, 8.142e-05], [122815000.0, 0.00130277], [122809000.0, 0.00533377], [122808000.0, 8.142e-05], [122806000.0, 8.142e-05]], "asks": [[122971000.0, 0.05], [122972000.0, 0.12871068], [122975000.0, 0.00132104], [122987000.0, 0.00130045], [122995000.0, 0.00138164], [122997000.0, 0.02811907], [123000000.0, 0.02502682], [123005000.0, 0.01], [123006000.0, 0.00550887], [123011000.0, 0.0311]]},
{"timestamp": 1743933618607, "bids": [[122909000.0, 0.03], [122908000.0, 0.03233785], [122888000.0, 0.00522], [122881000.0, 0.01626], [122819000.0, 8.142e-05], [122818000.0, 8.142e-05], [122815000.0, 0.00130277], [122809000.0, 0.00533377], [122808000.0, 8.142e-05], [122806000.0, 8.142e-05]], "asks": [[122971000.0, 0.05], [122972000.0, 0.12871068], [122975000.0, 0.00132104], [122987000.0, 0.00130045], [122995000.0, 0.00138164], [122997000.0, 0.02811907], [123000000.0, 0.02502682], [123005000.0, 0.01], [123006000.0, 0.00550887], [123011000.0, 0.0311]]},
{"timestamp": 1743933618607, "bids": [[122909000.0, 0.03], [122908000.0, 0.03233785], [122888000.0, 0.00522], [122881000.0, 0.01626], [122819000.0, 8.142e-05], [122818000.0, 8.142e-05], [122815000.0, 0.00130277], [122809000.0, 0.00533377], [122808000.0, 8.142e-05], [122806000.0, 8.142e-05]], "asks": [[122971000.0, 0.05], [122972000.0, 0.12871068], [122975000.0, 0.00132104], [122987000.0, 0.00130045], [122995000.0, 0.00138164], [122997000.0, 0.02811907], [123000000.0, 0.02502682], [123005000.0, 0.01], [123006000.0, 0.00550887], [123011000.0, 0.0311]]},
{"timestamp": 1743933619001, "bids": [[122909000.0, 0.03], [122908000.0, 0.03233785], [122888000.0, 0.00522], [122881000.0, 0.01626], [122819000.0, 8.142e-05], [122818000.0, 8.142e-05], [122815000.0, 0.00130277], [122809000.0, 0.00533377], [122808000.0, 8.142e-05], [122806000.0, 8.142e-05]], "asks": [[122971000.0, 0.05], [122972000.0, 0.12871068], [122975000.0, 0.00132104], [122987000.0, 0.00130045], [122995000.0, 0.00138164], [122997000.0, 0.02811907], [123000000.0, 0.02502682], [123005000.0, 0.01], [123006000.0, 0.00550887], [123011000.0, 0.0311]]},
{"timestamp": 1743933619207, "bids": [[122909000.0, 0.03], [122908000.0, 0.03233785], [122888000.0, 0.00522], [122881000.0, 0.01626], [122819000.0, 8.142e-05], [122818000.0, 8.142e-05], [122815000.0, 0.00130277], [122809000.0, 0.00533377], [122808000.0, 8.142e-05], [122806000.0, 8.142e-05]], "asks": [[122971000.0, 0.05], [122972000.0, 0.12871068], [122975000.0, 0.00132104], [122987000.0, 0.00130045], [122995000.0, 0.00138164], [122997000.0, 0.02811907], [123000000.0, 0.02502682], [123005000.0, 0.01], [123006000.0, 0.00550887], [123011000.0, 0.0311]]},
{"timestamp": 1743933619207, "bids": [[122909000.0, 0.03], [122908000.0, 0.03233785], [122888000.0, 0.00522], [122881000.0, 0.01626], [122819000.0, 8.142e-05], [122818000.0, 8.142e-05], [122815000.0, 0.00130277], [122809000.0, 0.00533377], [122808000.0, 8.142e-05], [122806000.0, 8.142e-05]], "asks": [[122971000.0, 0.05], [122972000.0, 0.12871068], [122975000.0, 0.00132104], [122987000.0, 0.00130045], [122995000.0, 0.00138164], [122997000.0, 0.02811907], [123000000.0, 0.02502682], [123005000.0, 0.01], [123006000.0, 0.00550887], [123011000.0, 0.0311]]},
{"timestamp": 1743933619417, "bids": [[122909000.0, 0.03], [122908000.0, 0.03233785], [122888000.0, 0.00522], [122881000.0, 0.01626], [122819000.0, 8.142e-05], [122818000.0, 8.142e-05], [122815000.0, 0.00130277], [122809000.0, 0.00533377], [122808000.0, 8.142e-05], [122806000.0, 8.142e-05]], "asks": [[122971000.0, 0.05], [122972000.0, 0.12871068], [122975000.0, 0.00132104], [122987000.0, 0.00130045], [122995000.0, 0.00138164], [122997000.0, 0.02811907], [123000000.0, 0.02502682], [123005000.0, 0.01], [123006000.0, 0.00550887], [123011000.0, 0.0311]]},
{"timestamp": 1743933619417, "bids": [[122909000.0, 0.03], [122908000.0, 0.03233785], [122888000.0, 0.00522], [122881000.0, 0.01626], [122819000.0, 8.142e-05], [122818000.0, 8.142e-05], [122815000.0, 0.00130277], [122809000.0, 0.00533377], [122808000.0, 8.142e-05], [122806000.0, 8.142e-05]], "asks": [[122971000.0, 0.05], [122972000.0, 0.12871068], [122975000.0, 0.00132104], [122987000.0, 0.00130045], [122995000.0, 0.00138164], [122997000.0, 0.00121907], [123000000.0, 0.02502682], [123005000.0, 0.01], [123006000.0, 0.00550887], [123011000.0, 0.0311]]},
{"timestamp": 1743933619859, "bids": [[122909000.0, 0.03], [122908000.0, 0.03233785], [122888000.0, 0.00522], [122881000.0, 0.01626], [122819000.0, 8.142e-05], [122818000.0, 8.142e-05], [122815000.0, 0.00130277], [122809000.0, 0.00533377], [122808000.0, 8.142e-05], [122806000.0, 8.142e-05]], "asks": [[122971000.0, 0.05], [122972000.0, 0.12871068], [122975000.0, 0.00132104], [122987000.0, 0.00130045], [122995000.0, 0.00138164], [122997000.0, 0.00121907], [123000000.0, 0.02502682], [123005000.0, 0.01], [123006000.0, 0.00550887], [123011000.0, 0.0311]]},
{"timestamp": 1743933620007, "bids": [[122909000.0, 0.03], [122908000.0, 0.03233785], [122888000.0, 0.00522], [122881000.0, 0.01626], [122819000.0, 8.142e-05], [122818000.0, 8.142e-05], [122815000.0, 0.00130277], [122809000.0, 0.00533377], [122808000.0, 8.142e-05], [122806000.0, 8.142e-05]], "asks": [[122971000.0, 0.05], [122972000.0, 0.12871068], [122975000.0, 0.00132104], [122987000.0, 0.00130045], [122995000.0, 0.00138164], [122997000.0, 0.00121907], [123000000.0, 0.02502682], [123005000.0, 0.01], [123006000.0, 0.00550887], [123011000.0, 0.0311]]},
{"timestamp": 1743933620258, "bids": [[122909000.0, 0.03], [122908000.0, 0.03233785], [122888000.0, 0.00522], [122881000.0, 0.01626], [122819000.0, 8.142e-05], [122818000.0, 8.142e-05], [122815000.0, 0.00130277], [122809000.0, 0.00533377], [122808000.0, 8.142e-05], [122806000.0, 8.142e-05]], "asks": [[122971000.0, 0.05], [122972000.0, 0.12871068], [122975000.0, 0.00132104], [122987000.0, 0.00130045], [122995000.0, 0.00138164], [122997000.0, 0.00121907], [123000000.0, 0.02502682], [123005000.0, 0.01], [123006000.0, 0.00550887], [123011000.0, 0.0311]]},
{"timestamp": 1743933620258, "bids": [[122909000.0, 0.03], [122908000.0, 0.03233785], [122888000.0, 0.00522], [122881000.0, 0.01626], [122819000.0, 8.142e-05], [122818000.0, 8.142e-05], [122815000.0, 0.00130277], [122809000.0, 0.00533377], [122808000.0, 8.142e-05], [122806000.0, 8.142e-05]], "asks": [[122971000.0, 0.05], [122972000.0, 0.12871068], [122975000.0, 0.00132104], [122987000.0, 0.00130045], [122995000.0, 0.00138164], [122997000.0, 0.00121907], [123000000.0, 0.02502682], [123005000.0, 0.01], [123006000.0, 0.00550887], [123011000.0, 0.0311]]},
{"timestamp": 1743933620435, "bids": [[122909000.0, 0.03], [122908000.0, 0.03233785], [122888000.0, 0.00522], [122881000.0, 0.01626], [122819000.0, 8.142e-05], [122818000.0, 8.142e-05], [122815000.0, 0.00130277], [122809000.0, 0.00533377], [122808000.0, 8.142e-05], [122806000.0, 8.142e-05]], "asks": [[122971000.0, 0.05], [122972000.0, 0.12871068], [122975000.0, 0.00132104], [122987000.0, 0.00130045], [122995000.0, 0.00138164], [122997000.0, 0.00121907], [123000000.0, 0.02502682], [123005000.0, 0.01], [123006000.0, 0.00550887], [123011000.0, 0.0311]]},
{"timestamp": 1743933620610, "bids": [[122909000.0, 0.03], [122908000.0, 0.03233785], [122888000.0, 0.00522], [122881000.0, 0.01626], [122819000.0, 8.142e-05], [122818000.0, 8.142e-05], [122815000.0, 0.00130277], [122809000.0, 0.00533377], [122808000.0, 8.142e-05], [122806000.0, 8.142e-05]], "asks": [[122971000.0, 0.05], [122972000.0, 0.12871068], [122975000.0, 0.00132104], [122987000.0, 0.00130045], [122995000.0, 0.00138164], [122997000.0, 0.00121907], [123000000.0, 0.02502682], [123005000.0, 0.01], [123006000.0, 0.00550887], [123011000.0, 0.0311]]},
{"timestamp": 1743933620820, "bids": [[122909000.0, 0.03], [122908000.0, 0.03233785], [122888000.0, 0.00522], [122881000.0, 0.01626], [122819000.0, 8.142e-05], [122818000.0, 8.142e-05], [122815000.0, 0.00130277], [122809000.0, 0.00533377], [122808000.0, 8.142e-05], [122806000.0, 8.142e-05]], "asks": [[122971000.0, 0.05], [122972000.0, 0.12871068], [122975000.0, 0.00132104], [122987000.0, 0.00130045], [122995000.0, 0.00138164], [122997000.0, 0.02811907], [123000000.0, 0.02502682], [123005000.0, 0.01], [123006000.0, 0.00550887], [123011000.0, 0.0311]]},
{"timestamp": 1743933620820, "bids": [[122909000.0, 0.03], [122908000.0, 0.03233785], [122888000.0, 0.00522], [122881000.0, 0.01626], [122819000.0, 8.142e-05], [122818000.0, 8.142e-05], [122815000.0, 0.00130277], [122809000.0, 0.00533377], [122808000.0, 8.142e-05], [122806000.0, 8.142e-05]], "asks": [[122971000.0, 0.05], [122972000.0, 0.12871068], [122975000.0, 0.00132104], [122987000.0, 0.00130045], [122995000.0, 0.00138164], [122997000.0, 0.02811907], [123000000.0, 0.02502682], [123005000.0, 0.01], [123006000.0, 0.00550887], [123011000.0, 0.0311]]},
{"timestamp": 1743933621332, "bids": [[122909000.0, 0.03], [122908000.0, 0.03233785], [122888000.0, 0.00522], [122881000.0, 0.01626], [122819000.0, 8.142e-05], [122818000.0, 8.142e-05], [122815000.0, 0.00130277], [122809000.0, 0.00533377], [122808000.0, 8.142e-05], [122806000.0, 8.142e-05]], "asks": [[122971000.0, 0.05], [122972000.0, 0.12871068], [122975000.0, 0.00132104], [122987000.0, 0.00130045], [122995000.0, 0.00138164], [122997000.0, 0.02811907], [123000000.0, 0.02502682], [123005000.0, 0.01], [123006000.0, 0.00550887], [123011000.0, 0.0311]]},
{"timestamp": 1743933621721, "bids": [[122909000.0, 0.03], [122908000.0, 0.03233785], [122888000.0, 0.00522], [122881000.0, 0.01626], [122819000.0, 8.142e-05], [122818000.0, 8.142e-05], [122815000.0, 0.00130277], [122809000.0, 0.00533377], [122808000.0, 8.142e-05], [122806000.0, 8.142e-05]], "asks": [[122971000.0, 0.05], [122972000.0, 0.12871068], [122975000.0, 0.00132104], [122987000.0, 0.00130045], [122995000.0, 0.00138164], [122997000.0, 0.02811907], [123000000.0, 0.02502682], [123005000.0, 0.01], [123006000.0, 0.00550887], [123011000.0, 0.0311]]},
{"timestamp": 1743933626449, "bids": [[122909000.0, 0.03], [122908000.0, 0.03233785], [122888000.0, 0.00522], [122881000.0, 0.01626], [122819000.0, 8.142e-05], [122818000.0, 8.142e-05], [122815000.0, 0.00130277], [122809000.0, 0.00533377], [122808000.0, 8.142e-05], [122806000.0, 8.142e-05]], "asks": [[122971000.0, 0.05], [122972000.0, 0.12871068], [122975000.0, 0.00132104], [122987000.0, 0.00130045], [122995000.0, 0.00138164], [122997000.0, 0.02811907], [123000000.0, 0.02502682], [123005000.0, 0.01], [123006000.0, 0.00550887], [123011000.0, 0.0311]]},
{"timestamp": 1743933626611, "bids": [[122909000.0, 0.03], [122908000.0, 0.03233785], [122888000.0, 0.00522], [122881000.0, 0.01626], [122819000.0, 8.142e-05], [122818000.0, 8.142e-05], [122815000.0, 0.00130277], [122809000.0, 0.00533377], [122808000.0, 8.142e-05], [122806000.0, 8.142e-05]], "asks": [[122971000.0, 0.05], [122972000.0, 0.12871068], [122975000.0, 0.00132104], [122987000.0, 0.00130045], [122995000.0, 0.00138164], [122997000.0, 0.02811907], [123000000.0, 0.02502682], [123005000.0, 0.01], [123006000.0, 0.00550887], [123011000.0, 0.0311]]},
{"timestamp": 1743933626893, "bids": [[122909000.0, 0.03], [122908000.0, 0.03233785], [122888000.0, 0.00522], [122881000.0, 0.01626], [122819000.0, 8.142e-05], [122818000.0, 8.142e-05], [122815000.0, 0.00130277], [122809000.0, 0.00533377], [122808000.0, 8.142e-05], [122806000.0, 8.142e-05]], "asks": [[122971000.0, 0.05], [122972000.0, 0.12871068], [122975000.0, 0.00132104], [122987000.0, 0.00130045], [122995000.0, 0.00138164], [122997000.0, 0.02811907], [123000000.0, 0.02502682], [123005000.0, 0.01], [123006000.0, 0.00550887], [123011000.0, 0.0311]]},
{"timestamp": 1743933627291, "bids": [[122909000.0, 0.03], [122908000.0, 0.03233785], [122888000.0, 0.00522], [122881000.0, 0.01626], [122819000.0, 8.142e-05], [122818000.0, 8.142e-05], [122815000.0, 0.00130277], [122809000.0, 0.00533377], [122808000.0, 8.142e-05], [122806000.0, 8.142e-05]], "asks": [[122971000.0, 0.05], [122972000.0, 0.12871068], [122975000.0, 0.00132104], [122987000.0, 0.00130045], [122995000.0, 0.00138164], [122997000.0, 0.02811907], [123000000.0, 0.02502682], [123005000.0, 0.01], [123006000.0, 0.00550887], [123011000.0, 0.0311]]},
{"timestamp": 1743933628110, "bids": [[122909000.0, 0.03], [122908000.0, 0.03233785], [122888000.0, 0.00522], [122881000.0, 0.01626], [122819000.0, 8.142e-05], [122818000.0, 8.142e-05], [122815000.0, 0.00130277], [122809000.0, 0.00533377], [122808000.0, 8.142e-05], [122806000.0, 8.142e-05]], "asks": [[122971000.0, 0.05], [122972000.0, 0.12871068], [122975000.0, 0.00132104], [122987000.0, 0.00130045], [122995000.0, 0.00138164], [122997000.0, 0.02811907], [123000000.0, 0.02502682], [123005000.0, 0.01], [123006000.0, 0.00550887], [123011000.0, 0.0311]]},
{"timestamp": 1743933628390, "bids": [[122909000.0, 0.03], [122908000.0, 0.03233785], [122888000.0, 0.00522], [122881000.0, 0.01626], [122819000.0, 8.142e-05], [122818000.0, 8.142e-05], [122815000.0, 0.00130277], [122809000.0, 0.00533377], [122808000.0, 8.142e-05], [122806000.0, 8.142e-05]], "asks": [[122971000.0, 0.05], [122972000.0, 0.12871068], [122975000.0, 0.00132104], [122987000.0, 0.00130045], [122995000.0, 0.00138164], [122997000.0, 0.02811907], [123000000.0, 0.02502682], [123005000.0, 0.01], [123006000.0, 0.00550887], [123011000.0, 0.0311]]},
{"timestamp": 1743933628728, "bids": [[122909000.0, 0.03], [122908000.0, 0.03233785], [122888000.0, 0.00522], [122881000.0, 0.01626], [122819000.0, 8.142e-05], [122818000.0, 8.142e-05], [122815000.0, 0.00130277], [122809000.0, 0.00533377], [122808000.0, 8.142e-05], [122806000.0, 8.142e-05]], "asks": [[122971000.0, 0.05], [122972000.0, 0.12871068], [122975000.0, 0.00132104], [122987000.0, 0.00130045], [122995000.0, 0.00138164], [122997000.0, 0.02811907], [123000000.0, 0.02502682], [123005000.0, 0.01], [123006000.0, 0.00550887], [123011000.0, 0.0311]]},
{"timestamp": 1743933628967, "bids": [[122909000.0, 0.03], [122908000.0, 0.03233785], [122888000.0, 0.00522], [122881000.0, 0.01626], [122819000.0, 8.142e-05], [122818000.0, 8.142e-05], [122815000.0, 0.00130277], [122809000.0, 0.00533377], [122808000.0, 8.142e-05], [122806000.0, 8.142e-05]], "asks": [[122971000.0, 0.05], [122972000.0, 0.12871068], [122975000.0, 0.00132104], [122987000.0, 0.00130045], [122995000.0, 0.00138164], [122997000.0, 0.02811907], [123000000.0, 0.02502682], [123005000.0, 0.01], [123006000.0, 0.00550887], [123011000.0, 0.0311]]},
{"timestamp": 1743933629379, "bids": [[122909000.0, 0.03], [122908000.0, 0.03233785], [122888000.0, 0.00522], [122881000.0, 0.01626], [122819000.0, 8.142e-05], [122818000.0, 8.142e-05], [122815000.0, 0.00130277], [122809000.0, 0.00533377], [122808000.0, 8.142e-05], [122806000.0, 8.142e-05]], "asks": [[122971000.0, 0.05], [122972000.0, 0.12871068], [122975000.0, 0.00132104], [122987000.0, 0.00130045], [122995000.0, 0.00138164], [122997000.0, 0.02811907], [123000000.0, 0.02502682], [123005000.0, 0.01], [123006000.0, 0.00550887], [123011000.0, 0.0311]]},
{"timestamp": 1743933629379, "bids": [[122909000.0, 0.03], [122908000.0, 0.03233785], [122888000.0, 0.00522], [122881000.0, 0.01626], [122819000.0, 8.142e-05], [122818000.0, 8.142e-05], [122815000.0, 0.00130277], [122809000.0, 0.00533377], [122808000.0, 8.142e-05], [122806000.0, 8.142e-05]], "asks": [[122971000.0, 0.05], [122972000.0, 0.12871068], [122975000.0, 0.00132104], [122987000.0, 0.00130045], [122995000.0, 0.00138164], [122997000.0, 0.02811907], [123000000.0, 0.02502682], [123005000.0, 0.01], [123006000.0, 0.00550887], [123011000.0, 0.0311]]},
{"timestamp": 1743933629534, "bids": [[122909000.0, 0.03], [122908000.0, 0.03233785], [122888000.0, 0.00522], [122881000.0, 0.01626], [122819000.0, 8.142e-05], [122818000.0, 8.142e-05], [122815000.0, 0.00130277], [122809000.0, 0.00533377], [122808000.0, 8.142e-05], [122806000.0, 8.142e-05]], "asks": [[122971000.0, 0.05], [122972000.0, 0.12871068], [122975000.0, 0.00132104], [122987000.0, 0.00130045], [122995000.0, 0.00138164], [122997000.0, 0.02811907], [123000000.0, 0.02502682], [123005000.0, 0.01], [123006000.0, 0.00550887], [123011000.0, 0.0311]]},
{"timestamp": 1743933629534, "bids": [[122909000.0, 0.03], [122908000.0, 0.03233785], [122888000.0, 0.00522], [122881000.0, 0.01626], [122819000.0, 8.142e-05], [122818000.0, 8.142e-05], [122815000.0, 0.00130277], [122809000.0, 0.00533377], [122808000.0, 8.142e-05], [122806000.0, 8.142e-05]], "asks": [[122971000.0, 0.05], [122972000.0, 0.12871068], [122975000.0, 0.00132104], [122987000.0, 0.00130045], [122995000.0, 0.00138164], [122997000.0, 0.02811907], [123000000.0, 0.02502682], [123005000.0, 0.01], [123006000.0, 0.00550887], [123011000.0, 0.0311]]},
{"timestamp": 1743933629715, "bids": [[122909000.0, 0.03], [122908000.0, 0.03233785], [122888000.0, 0.00522], [122881000.0, 0.01626], [122819000.0, 8.142e-05], [122818000.0, 8.142e-05], [122815000.0, 0.00130277], [122809000.0, 0.00533377], [122808000.0, 8.142e-05], [122806000.0, 8.142e-05]], "asks": [[122971000.0, 0.05], [122972000.0, 0.12871068], [122975000.0, 0.00132104], [122987000.0, 0.00130045], [122995000.0, 0.00138164], [122997000.0, 0.02811907], [123000000.0, 0.02502682], [123005000.0, 0.01], [123006000.0, 0.00550887], [123011000.0, 0.0311]]},
{"timestamp": 1743933629715, "bids": [[122909000.0, 0.03], [122908000.0, 0.03233785], [122888000.0, 0.00522], [122881000.0, 0.01626], [122819000.0, 8.142e-05], [122818000.0, 8.142e-05], [122815000.0, 0.00130277], [122809000.0, 0.00533377], [122808000.0, 8.142e-05], [122806000.0, 8.142e-05]], "asks": [[122971000.0, 0.05], [122972000.0, 0.12871068], [122975000.0, 0.00132104], [122987000.0, 0.00130045], [122995000.0, 0.00138164], [122997000.0, 0.02811907], [123000000.0, 0.02502682], [123005000.0, 0.01], [123006000.0, 0.00550887], [123011000.0, 0.0311]]},
{"timestamp": 1743933629902, "bids": [[122909000.0, 0.03], [122908000.0, 0.03233785], [122888000.0, 0.00522], [122881000.0, 0.01626], [122819000.0, 8.142e-05], [122818000.0, 8.142e-05], [122815000.0, 0.00130277], [122809000.0, 0.00533377], [122808000.0, 8.142e-05], [122806000.0, 8.142e-05]], "asks": [[122971000.0, 0.05], [122972000.0, 0.12871068], [122975000.0, 0.00132104], [122987000.0, 0.00130045], [122995000.0, 0.00138164], [122997000.0, 0.00121907], [123000000.0, 0.02502682], [123005000.0, 0.01], [123006000.0, 0.00550887], [123011000.0, 0.0311]]},
{"timestamp": 1743933629902, "bids": [[122909000.0, 0.03], [122908000.0, 0.03233785], [122888000.0, 0.00522], [122881000.0, 0.01626], [122819000.0, 8.142e-05], [122818000.0, 8.142e-05], [122815000.0, 0.00130277], [122809000.0, 0.00533377], [122808000.0, 8.142e-05], [122806000.0, 8.142e-05]], "asks": [[122971000.0, 0.05], [122972000.0, 0.12871068], [122975000.0, 0.00132104], [122987000.0, 0.00130045], [122995000.0, 0.00138164], [122997000.0, 0.00121907], [123000000.0, 0.02502682], [123005000.0, 0.01], [123006000.0, 0.00550887], [123011000.0, 0.0311]]},
{"timestamp": 1743933629902, "bids": [[122909000.0, 0.03], [122908000.0, 0.03233785], [122888000.0, 0.00522], [122881000.0, 0.01626], [122819000.0, 8.142e-05], [122818000.0, 8.142e-05], [122815000.0, 0.00130277], [122809000.0, 0.00533377], [122808000.0, 8.142e-05], [122806000.0, 8.142e-05]], "asks": [[122971000.0, 0.05], [122972000.0, 0.12871068], [122975000.0, 0.00132104], [122987000.0, 0.00130045], [122995000.0, 0.00138164], [122997000.0, 0.00121907], [123000000.0, 0.02502682], [123005000.0, 0.01], [123006000.0, 0.00550887], [123011000.0, 0.0311]]},
{"timestamp": 1743933630174, "bids": [[122909000.0, 0.03], [122908000.0, 0.03233785], [122888000.0, 0.00522], [122881000.0, 0.01626], [122819000.0, 8.142e-05], [122818000.0, 8.142e-05], [122815000.0, 0.00130277], [122809000.0, 0.00533377], [122808000.0, 8.142e-05], [122806000.0, 8.142e-05]], "asks": [[122971000.0, 0.05], [122972000.0, 0.12871068], [122975000.0, 0.00132104], [122987000.0, 0.00130045], [122995000.0, 0.00138164], [122997000.0, 0.00121907], [123000000.0, 0.02502682], [123005000.0, 0.01], [123006000.0, 0.00550887], [123011000.0, 0.0311]]},
{"timestamp": 1743933630889, "bids": [[122909000.0, 0.03], [122908000.0, 0.03233785], [122888000.0, 0.00522], [122881000.0, 0.01626], [122819000.0, 8.142e-05], [122818000.0, 8.142e-05], [122815000.0, 0.00130277], [122809000.0, 0.00533377], [122808000.0, 8.142e-05], [122806000.0, 8.142e-05]], "asks": [[122971000.0, 0.05], [122972000.0, 0.12871068], [122975000.0, 0.00132104], [122987000.0, 0.00130045], [122995000.0, 0.00138164], [122997000.0, 0.00121907], [123000000.0, 0.02502682], [123005000.0, 0.01], [123006000.0, 0.00550887], [123011000.0, 0.0311]]},
{"timestamp": 1743933631058, "bids": [[122909000.0, 0.03], [122908000.0, 0.03233785], [122888000.0, 0.00522], [122881000.0, 0.01626], [122819000.0, 8.142e-05], [122818000.0, 8.142e-05], [122815000.0, 0.00130277], [122809000.0, 0.00533377], [122808000.0, 8.142e-05], [122806000.0, 8.142e-05]], "asks": [[122971000.0, 0.05], [122972000.0, 0.12871068], [122975000.0, 0.00132104], [122987000.0, 0.00130045], [122995000.0, 0.00138164], [122997000.0, 0.00121907], [123000000.0, 0.02502682], [123005000.0, 0.01], [123006000.0, 0.00550887], [123011000.0, 0.0311]]},
{"timestamp": 1743933631273, "bids": [[122909000.0, 0.03], [122908000.0, 0.03233785], [122888000.0, 0.00522], [122881000.0, 0.01626], [122819000.0, 8.142e-05], [122818000.0, 8.142e-05], [122815000.0, 0.00130277], [122809000.0, 0.00533377], [122808000.0, 8.142e-05], [122806000.0, 8.142e-05]], "asks": [[122971000.0, 0.05], [122972000.0, 0.12871068], [122975000.0, 0.00132104], [122987000.0, 0.00130045], [122995000.0, 0.00138164], [122997000.0, 0.02811907], [123000000.0, 0.02502682], [123005000.0, 0.01], [123006000.0, 0.00550887], [123011000.0, 0.0311]]},
{"timestamp": 1743933631273, "bids": [[122909000.0, 0.03], [122908000.0, 0.03233785], [122888000.0, 0.00522], [122881000.0, 0.01626], [122819000.0, 8.142e-05], [122818000.0, 8.142e-05], [122815000.0, 0.00130277], [122809000.0, 0.00533377], [122808000.0, 8.142e-05], [122806000.0, 8.142e-05]], "asks": [[122971000.0, 0.05], [122972000.0, 0.12871068], [122975000.0, 0.00132104], [122987000.0, 0.00130045], [122995000.0, 0.00138164], [122997000.0, 0.02811907], [123000000.0, 0.02502682], [123005000.0, 0.01], [123006000.0, 0.00550887], [123011000.0, 0.0311]]},
{"timestamp": 1743933631466, "bids": [[122909000.0, 0.03], [122908000.0, 0.03233785], [122888000.0, 0.00522], [122881000.0, 0.01626], [122819000.0, 8.142e-05], [122818000.0, 8.142e-05], [122815000.0, 0.00130277], [122809000.0, 0.00533377], [122808000.0, 8.142e-05], [122806000.0, 8.142e-05]], "asks": [[122971000.0, 0.05], [122972000.0, 0.12871068], [122975000.0, 0.00132104], [122987000.0, 0.00130045], [122995000.0, 0.00138164], [122997000.0, 0.02811907], [123000000.0, 0.02502682], [123005000.0, 0.01], [123006000.0, 0.00550887], [123011000.0, 0.0311]]},
{"timestamp": 1743933631631, "bids": [[122909000.0, 0.03], [122908000.0, 0.03233785], [122888000.0, 0.00522], [122881000.0, 0.01626], [122819000.0, 8.142e-05], [122818000.0, 8.142e-05], [122815000.0, 0.00130277], [122809000.0, 0.00533377], [122808000.0, 8.142e-05], [122806000.0, 8.142e-05]], "asks": [[122971000.0, 0.05], [122972000.0, 0.12871068], [122975000.0, 0.00132104], [122987000.0, 0.00130045], [122995000.0, 0.00138164], [122997000.0, 0.02811907], [123000000.0, 0.02502682], [123005000.0, 0.01], [123006000.0, 0.00550887], [123011000.0, 0.0311]]},
{"timestamp": 1743933632277, "bids": [[122909000.0, 0.03], [122908000.0, 0.03233785], [122888000.0, 0.00522], [122881000.0, 0.01626], [122819000.0, 8.142e-05], [122818000.0, 8.142e-05], [122815000.0, 0.00130277], [122809000.0, 0.00533377], [122808000.0, 8.142e-05], [122806000.0, 8.142e-05]], "asks": [[122971000.0, 0.05], [122972000.0, 0.12871068], [122975000.0, 0.00132104], [122987000.0, 0.00130045], [122995000.0, 0.00138164], [122997000.0, 0.02811907], [123000000.0, 0.02502682], [123005000.0, 0.01], [123006000.0, 0.00550887], [123011000.0, 0.0311]]},
{"timestamp": 1743933632432, "bids": [[122909000.0, 0.03], [122908000.0, 0.03233785], [122888000.0, 0.00522], [122881000.0, 0.01626], [122819000.0, 8.142e-05], [122818000.0, 8.142e-05], [122815000.0, 0.00130277], [122809000.0, 0.00533377], [122808000.0, 8.142e-05], [122806000.0, 8.142e-05]], "asks": [[122971000.0, 0.05], [122972000.0, 0.12871068], [122975000.0, 0.00132104], [122987000.0, 0.00130045], [122995000.0, 0.00138164], [122997000.0, 0.02811907], [123000000.0, 0.02502682], [123005000.0, 0.01], [123006000.0, 0.00550887], [123011000.0, 0.0311]]},
{"timestamp": 1743933632803, "bids": [[122909000.0, 0.03], [122908000.0, 0.03233785], [122888000.0, 0.00522], [122881000.0, 0.01626], [122819000.0, 8.142e-05], [122818000.0, 8.142e-05], [122815000.0, 0.00130277], [122809000.0, 0.00533377], [122808000.0, 8.142e-05], [122806000.0, 8.142e-05]], "asks": [[122971000.0, 0.05], [122972000.0, 0.12871068], [122975000.0, 0.00132104], [122987000.0, 0.00130045], [122995000.0, 0.00138164], [122997000.0, 0.02811907], [123000000.0, 0.02502682], [123005000.0, 0.01], [123006000.0, 0.00550887], [123011000.0, 0.0311]]},
{"timestamp": 1743933633023, "bids": [[122909000.0, 0.03], [122908000.0, 0.03233785], [122888000.0, 0.00522], [122881000.0, 0.01626], [122819000.0, 8.142e-05], [122818000.0, 8.142e-05], [122815000.0, 0.00130277], [122809000.0, 0.00533377], [122808000.0, 8.142e-05], [122806000.0, 8.142e-05]], "asks": [[122971000.0, 0.05], [122972000.0, 0.12871068], [122975000.0, 0.00132104], [122987000.0, 0.00130045], [122995000.0, 0.00138164], [122997000.0, 0.02811907], [123000000.0, 0.02502682], [123005000.0, 0.01], [123006000.0, 0.00550887], [123011000.0, 0.0311]]},
{"timestamp": 1743933633024, "bids": [[122909000.0, 0.03], [122908000.0, 0.03233785], [122888000.0, 0.00522], [122881000.0, 0.01626], [122819000.0, 8.142e-05], [122818000.0, 8.142e-05], [122815000.0, 0.00130277], [122809000.0, 0.00533377], [122808000.0, 8.142e-05], [122806000.0, 8.142e-05]], "asks": [[122971000.0, 0.05], [122972000.0, 0.12871068], [122975000.0, 0.00132104], [122987000.0, 0.00130045], [122995000.0, 0.00138164], [122997000.0, 0.02811907], [123000000.0, 0.02502682], [123005000.0, 0.01], [123006000.0, 0.00550887], [123011000.0, 0.0311]]},
{"timestamp": 1743933633231, "bids": [[122909000.0, 0.03], [122908000.0, 0.03233785], [122888000.0, 0.00522], [122881000.0, 0.01626], [122819000.0, 8.142e-05], [122818000.0, 8.142e-05], [122815000.0, 0.00130277], [122809000.0, 0.00533377], [122808000.0, 8.142e-05], [122806000.0, 8.142e-05]], "asks": [[122971000.0, 0.05], [122972000.0, 0.12871068], [122975000.0, 0.00132104], [122987000.0, 0.00130045], [122995000.0, 0.00138164], [122997000.0, 0.02811907], [123000000.0, 0.02502682], [123005000.0, 0.01], [123006000.0, 0.00550887], [123011000.0, 0.0311]]},
{"timestamp": 1743933633231, "bids": [[122909000.0, 0.03], [122908000.0, 0.03233785], [122888000.0, 0.00522], [122881000.0, 0.01626], [122819000.0, 8.142e-05], [122818000.0, 8.142e-05], [122815000.0, 0.00130277], [122809000.0, 0.00533377], [122808000.0, 8.142e-05], [122806000.0, 8.142e-05]], "asks": [[122971000.0, 0.05], [122972000.0, 0.12871068], [122975000.0, 0.00132104], [122987000.0, 0.00130045], [122995000.0, 0.00138164], [122997000.0, 0.02811907], [123000000.0, 0.02502682], [123005000.0, 0.01], [123006000.0, 0.00550887], [123011000.0, 0.0311]]},
{"timestamp": 1743933633646, "bids": [[122909000.0, 0.03], [122908000.0, 0.03233785], [122888000.0, 0.00522], [122881000.0, 0.01626], [122819000.0, 8.142e-05], [122818000.0, 8.142e-05], [122815000.0, 0.00130277], [122809000.0, 0.00533377], [122808000.0, 8.142e-05], [122806000.0, 8.142e-05]], "asks": [[122971000.0, 0.05], [122972000.0, 0.12871068], [122975000.0, 0.00132104], [122987000.0, 0.00130045], [122995000.0, 0.00138164], [122997000.0, 0.02811907], [123000000.0, 0.02502682], [123005000.0, 0.01], [123006000.0, 0.00550887], [123011000.0, 0.0311]]},
{"timestamp": 1743933633815, "bids": [[122909000.0, 0.03], [122908000.0, 0.03233785], [122888000.0, 0.00522], [122881000.0, 0.01626], [122819000.0, 8.142e-05], [122818000.0, 8.142e-05], [122815000.0, 0.00130277], [122809000.0, 0.00533377], [122808000.0, 8.142e-05], [122806000.0, 8.142e-05]], "asks": [[122971000.0, 0.05], [122972000.0, 0.12871068], [122975000.0, 0.00132104], [122987000.0, 0.00130045], [122995000.0, 0.00138164], [122997000.0, 0.02811907], [123000000.0, 0.02502682], [123005000.0, 0.01], [123006000.0, 0.00550887], [123011000.0, 0.0311]]},
{"timestamp": 1743933634427, "bids": [[122909000.0, 0.03], [122908000.0, 0.03233785], [122888000.0, 0.00522], [122881000.0, 0.01626], [122819000.0, 8.142e-05], [122818000.0, 8.142e-05], [122815000.0, 0.00130277], [122809000.0, 0.00533377], [122808000.0, 8.142e-05], [122806000.0, 8.142e-05]], "asks": [[122971000.0, 0.05], [122972000.0, 0.12871068], [122975000.0, 0.00132104], [122987000.0, 0.00130045], [122995000.0, 0.00138164], [122997000.0, 0.02811907], [123000000.0, 0.02502682], [123005000.0, 0.01], [123006000.0, 0.00550887], [123011000.0, 0.0311]]},
{"timestamp": 1743933636232, "bids": [[122909000.0, 0.03], [122908000.0, 0.03233785], [122889000.0, 0.0023128], [122888000.0, 0.00522], [122881000.0, 0.01626], [122819000.0, 8.142e-05], [122818000.0, 8.142e-05], [122815000.0, 0.00130277], [122809000.0, 0.00533377], [122808000.0, 8.142e-05]], "asks": [[122971000.0, 0.05], [122972000.0, 0.12871068], [122975000.0, 0.00132104], [122987000.0, 0.00130045], [122995000.0, 0.00138164], [122997000.0, 0.02811907], [123000000.0, 0.02502682], [123005000.0, 0.01], [123006000.0, 0.00550887], [123011000.0, 0.0311]]},
{"timestamp": 1743933636424, "bids": [[122909000.0, 0.03], [122908000.0, 0.03233785], [122889000.0, 0.0023128], [122888000.0, 0.00522], [122881000.0, 0.01626], [122819000.0, 8.142e-05], [122818000.0, 8.142e-05], [122815000.0, 0.00130277], [122809000.0, 0.00533377], [122808000.0, 8.142e-05]], "asks": [[122971000.0, 0.05], [122972000.0, 0.12871068], [122975000.0, 0.00132104], [122987000.0, 0.00130045], [122995000.0, 0.00138164], [122997000.0, 0.02811907], [123000000.0, 0.02502682], [123005000.0, 0.01], [123006000.0, 0.00550887], [123011000.0, 0.0311]]},
{"timestamp": 1743933636626, "bids": [[122909000.0, 0.03], [122908000.0, 0.03233785], [122889000.0, 0.0023128], [122888000.0, 0.00522], [122881000.0, 0.01626], [122819000.0, 8.142e-05], [122818000.0, 8.142e-05], [122815000.0, 0.00130277], [122809000.0, 0.00533377], [122808000.0, 8.142e-05]], "asks": [[122971000.0, 0.05], [122972000.0, 0.12871068], [122975000.0, 0.00132104], [122987000.0, 0.00130045], [122995000.0, 0.00138164], [122997000.0, 0.02811907], [123000000.0, 0.02502682], [123005000.0, 0.01], [123006000.0, 0.00550887], [123011000.0, 0.0311]]},
{"timestamp": 1743933636869, "bids": [[122909000.0, 0.03], [122908000.0, 0.03233785], [122889000.0, 0.0023128], [122888000.0, 0.00522], [122881000.0, 0.01626], [122819000.0, 8.142e-05], [122818000.0, 8.142e-05], [122815000.0, 0.00130277], [122809000.0, 0.00533377], [122808000.0, 8.142e-05]], "asks": [[122971000.0, 0.05], [122972000.0, 0.12871068], [122975000.0, 0.00132104], [122987000.0, 0.00130045], [122995000.0, 0.00138164], [122997000.0, 0.02811907], [123000000.0, 0.02502682], [123005000.0, 0.01], [123006000.0, 0.00550887], [123011000.0, 0.0311]]},
{"timestamp": 1743933636869, "bids": [[122909000.0, 0.03], [122908000.0, 0.03233785], [122889000.0, 0.0023128], [122888000.0, 0.00522], [122881000.0, 0.01626], [122819000.0, 8.142e-05], [122818000.0, 8.142e-05], [122815000.0, 0.00130277], [122809000.0, 0.00533377], [122808000.0, 8.142e-05]], "asks": [[122971000.0, 0.05], [122972000.0, 0.12871068], [122975000.0, 0.00132104], [122987000.0, 0.00130045], [122995000.0, 0.00138164], [122997000.0, 0.02811907], [123000000.0, 0.02502682], [123005000.0, 0.01], [123006000.0, 0.00550887], [123011000.0, 0.0311]]},
{"timestamp": 1743933637006, "bids": [[122909000.0, 0.03], [122908000.0, 0.03233785], [122889000.0, 0.0023128], [122888000.0, 0.00522], [122881000.0, 0.01626], [122819000.0, 8.142e-05], [122818000.0, 8.142e-05], [122815000.0, 0.00130277], [122809000.0, 0.00533377], [122808000.0, 8.142e-05]], "asks": [[122971000.0, 0.05], [122972000.0, 0.12871068], [122975000.0, 0.00132104], [122987000.0, 0.00130045], [122995000.0, 0.00138164], [122997000.0, 0.02811907], [123000000.0, 0.02502682], [123005000.0, 0.01], [123006000.0, 0.00550887], [123011000.0, 0.0311]]},
{"timestamp": 1743933637281, "bids": [[122909000.0, 0.03], [122908000.0, 0.03233785], [122889000.0, 0.0023128], [122888000.0, 0.00522], [122881000.0, 0.01626], [122819000.0, 8.142e-05], [122818000.0, 8.142e-05], [122815000.0, 0.00130277], [122809000.0, 0.00533377], [122808000.0, 8.142e-05]], "asks": [[122971000.0, 0.05], [122972000.0, 0.12871068], [122975000.0, 0.00132104], [122987000.0, 0.00130045], [122995000.0, 0.00138164], [122997000.0, 0.02811907], [123000000.0, 0.02502682], [123005000.0, 0.01], [123006000.0, 0.00550887], [123011000.0, 0.0311]]},
{"timestamp": 1743933637281, "bids": [[122909000.0, 0.03], [122908000.0, 0.03233785], [122889000.0, 0.0023128], [122888000.0, 0.00522], [122881000.0, 0.01626], [122819000.0, 8.142e-05], [122818000.0, 8.142e-05], [122815000.0, 0.00130277], [122809000.0, 0.00533377], [122808000.0, 8.142e-05]], "asks": [[122971000.0, 0.05], [122972000.0, 0.12871068], [122975000.0, 0.00132104], [122987000.0, 0.00130045], [122995000.0, 0.00138164], [122997000.0, 0.02811907], [123000000.0, 0.02502682], [123005000.0, 0.01], [123006000.0, 0.00550887], [123011000.0, 0.0311]]},
{"timestamp": 1743933637452, "bids": [[122909000.0, 0.03], [122908000.0, 0.03233785], [122889000.0, 0.0023128], [122888000.0, 0.00522], [122881000.0, 0.01626], [122819000.0, 8.142e-05], [122818000.0, 8.142e-05], [122815000.0, 0.00130277], [122809000.0, 0.00533377], [122808000.0, 8.142e-05]], "asks": [[122971000.0, 0.05], [122972000.0, 0.12871068], [122975000.0, 0.00132104], [122987000.0, 0.00130045], [122995000.0, 0.00138164], [122997000.0, 0.02811907], [123000000.0, 0.02502682], [123005000.0, 0.01], [123006000.0, 0.00550887], [123011000.0, 0.0311]]},
{"timestamp": 1743933638335, "bids": [[122909000.0, 0.03], [122908000.0, 0.03233785], [122889000.0, 0.0023128], [122888000.0, 0.00522], [122881000.0, 0.01626], [122819000.0, 8.142e-05], [122818000.0, 8.142e-05], [122815000.0, 0.00130277], [122809000.0, 0.00533377], [122808000.0, 8.142e-05]], "asks": [[122971000.0, 0.05], [122972000.0, 0.12871068], [122975000.0, 0.00132104], [122987000.0, 0.00130045], [122995000.0, 0.00138164], [122997000.0, 0.02811907], [123000000.0, 0.02502682], [123005000.0, 0.01], [123006000.0, 0.00550887], [123011000.0, 0.0311]]},
{"timestamp": 1743933638527, "bids": [[122909000.0, 0.03], [122908000.0, 0.03233785], [122889000.0, 0.0023128], [122888000.0, 0.00522], [122881000.0, 0.01626], [122819000.0, 8.142e-05], [122818000.0, 8.142e-05], [122815000.0, 0.00130277], [122809000.0, 0.00533377], [122808000.0, 8.142e-05]], "asks": [[122971000.0, 0.05], [122972000.0, 0.12871068], [122975000.0, 0.00132104], [122987000.0, 0.00130045], [122995000.0, 0.00138164], [122997000.0, 0.02811907], [123000000.0, 0.02502682], [123005000.0, 0.01], [123006000.0, 0.00550887], [123011000.0, 0.0311]]},
{"timestamp": 1743933638719, "bids": [[122909000.0, 0.03], [122908000.0, 0.03233785], [122889000.0, 0.0023128], [122888000.0, 0.00522], [122881000.0, 0.01626], [122819000.0, 8.142e-05], [122818000.0, 8.142e-05], [122815000.0, 0.00130277], [122809000.0, 0.00533377], [122808000.0, 8.142e-05]], "asks": [[122971000.0, 0.05], [122972000.0, 0.12871068], [122975000.0, 0.00132104], [122987000.0, 0.00130045], [122995000.0, 0.00138164], [122997000.0, 0.02811907], [123000000.0, 0.02502682], [123005000.0, 0.01], [123006000.0, 0.00550887], [123011000.0, 0.0311]]},
{"timestamp": 1743933639106, "bids": [[122909000.0, 0.03], [122908000.0, 0.03233785], [122889000.0, 0.0023128], [122888000.0, 0.00522], [122881000.0, 0.01626], [122819000.0, 8.142e-05], [122818000.0, 8.142e-05], [122815000.0, 0.00130277], [122809000.0, 0.00533377], [122808000.0, 8.142e-05]], "asks": [[122971000.0, 0.05], [122972000.0, 0.12871068], [122975000.0, 0.00132104], [122987000.0, 0.00130045], [122995000.0, 0.00138164], [122997000.0, 0.02811907], [123000000.0, 0.02502682], [123005000.0, 0.01], [123006000.0, 0.00550887], [123011000.0, 0.0311]]},
{"timestamp": 1743933639961, "bids": [[122909000.0, 0.03], [122908000.0, 0.03233785], [122889000.0, 0.0023128], [122888000.0, 0.00522], [122881000.0, 0.01626], [122819000.0, 8.142e-05], [122818000.0, 8.142e-05], [122815000.0, 0.00130277], [122809000.0, 0.00533377], [122808000.0, 8.142e-05]], "asks": [[122971000.0, 0.05], [122972000.0, 0.12871068], [122975000.0, 0.00132104], [122987000.0, 0.00130045], [122995000.0, 0.00138164], [122997000.0, 0.02811907], [123000000.0, 0.02502682], [123005000.0, 0.01], [123006000.0, 0.00550887], [123011000.0, 0.0311]]},
{"timestamp": 1743933639961, "bids": [[122909000.0, 0.03], [122908000.0, 0.03233785], [122889000.0, 0.0023128], [122888000.0, 0.00522], [122881000.0, 0.01626], [122819000.0, 8.142e-05], [122818000.0, 8.142e-05], [122815000.0, 0.00130277], [122809000.0, 0.00533377], [122808000.0, 8.142e-05]], "asks": [[122971000.0, 0.05], [122972000.0, 0.12871068], [122975000.0, 0.00132104], [122987000.0, 0.00130045], [122995000.0, 0.00138164], [122997000.0, 0.00121907], [123000000.0, 0.02502682], [123005000.0, 0.01], [123006000.0, 0.00550887], [123011000.0, 0.0311]]},
{"timestamp": 1743933640381, "bids": [[122909000.0, 0.03], [122908000.0, 0.03233785], [122889000.0, 0.0023128], [122888000.0, 0.00522], [122881000.0, 0.01626], [122819000.0, 8.142e-05], [122818000.0, 8.142e-05], [122815000.0, 0.00130277], [122809000.0, 0.00533377], [122808000.0, 8.142e-05]], "asks": [[122971000.0, 0.05], [122972000.0, 0.12871068], [122975000.0, 0.00132104], [122987000.0, 0.00130045], [122995000.0, 0.00138164], [122997000.0, 0.00121907], [123000000.0, 0.02502682], [123005000.0, 0.01], [123006000.0, 0.00550887], [123011000.0, 0.0311]]},
{"timestamp": 1743933640540, "bids": [[122909000.0, 0.03], [122908000.0, 0.03233785], [122889000.0, 0.0023128], [122888000.0, 0.00522], [122881000.0, 0.01626], [122819000.0, 8.142e-05], [122818000.0, 8.142e-05], [122815000.0, 0.00130277], [122809000.0, 0.00533377], [122808000.0, 8.142e-05]], "asks": [[122971000.0, 0.05], [122972000.0, 0.12871068], [122975000.0, 0.00132104], [122987000.0, 0.00130045], [122995000.0, 0.00138164], [122997000.0, 0.00121907], [123000000.0, 0.02502682], [123005000.0, 0.01], [123006000.0, 0.00550887], [123011000.0, 0.0311]]},
{"timestamp": 1743933641357, "bids": [[122909000.0, 0.03], [122908000.0, 0.03233785], [122889000.0, 0.0023128], [122888000.0, 0.00522], [122881000.0, 0.01626], [122819000.0, 8.142e-05], [122818000.0, 8.142e-05], [122815000.0, 0.00130277], [122809000.0, 0.00533377], [122808000.0, 8.142e-05]], "asks": [[122971000.0, 0.05], [122972000.0, 0.12871068], [122975000.0, 0.00132104], [122987000.0, 0.00130045], [122995000.0, 0.00138164], [122997000.0, 0.00121907], [123000000.0, 0.02502682], [123005000.0, 0.01], [123006000.0, 0.00550887], [123011000.0, 0.0311]]},
{"timestamp": 1743933641357, "bids": [[122909000.0, 0.03], [122908000.0, 0.03233785], [122889000.0, 0.0023128], [122888000.0, 0.00522], [122881000.0, 0.01626], [122819000.0, 8.142e-05], [122818000.0, 8.142e-05], [122815000.0, 0.00130277], [122810000.0, 0.0316], [122809000.0, 0.00533377]], "asks": [[122971000.0, 0.05], [122972000.0, 0.12871068], [122975000.0, 0.00132104], [122987000.0, 0.00130045], [122995000.0, 0.00138164], [122997000.0, 0.00121907], [123000000.0, 0.02502682], [123005000.0, 0.01], [123006000.0, 0.00550887], [123011000.0, 0.0311]]},
{"timestamp": 1743933641508, "bids": [[122909000.0, 0.03], [122908000.0, 0.03233785], [122889000.0, 0.0023128], [122888000.0, 0.00522], [122881000.0, 0.01626], [122819000.0, 8.142e-05], [122818000.0, 8.142e-05], [122815000.0, 0.00130277], [122810000.0, 0.0316], [122809000.0, 0.00533377]], "asks": [[122971000.0, 0.05], [122972000.0, 0.12871068], [122975000.0, 0.00132104], [122987000.0, 0.00130045], [122995000.0, 0.00138164], [122997000.0, 0.00121907], [123000000.0, 0.02502682], [123005000.0, 0.01], [123006000.0, 0.00550887], [123011000.0, 0.0311]]},
{"timestamp": 1743933641508, "bids": [[122909000.0, 0.03], [122908000.0, 0.03233785], [122889000.0, 0.0023128], [122888000.0, 0.00522], [122881000.0, 0.01626], [122819000.0, 8.142e-05], [122818000.0, 8.142e-05], [122815000.0, 0.00130277], [122810000.0, 0.0316], [122808000.0, 8.142e-05]], "asks": [[122971000.0, 0.05], [122972000.0, 0.12871068], [122975000.0, 0.00132104], [122987000.0, 0.00130045], [122995000.0, 0.00138164], [122997000.0, 0.00121907], [123000000.0, 0.02502682], [123005000.0, 0.01], [123006000.0, 0.00550887], [123011000.0, 0.0311]]},
{"timestamp": 1743933641783, "bids": [[122909000.0, 0.03], [122908000.0, 0.03233785], [122889000.0, 0.0023128], [122888000.0, 0.00522], [122881000.0, 0.01626], [122819000.0, 8.142e-05], [122818000.0, 8.142e-05], [122815000.0, 0.00130277], [122810000.0, 0.0316], [122808000.0, 8.142e-05]], "asks": [[122971000.0, 0.05], [122972000.0, 0.12871068], [122975000.0, 0.00132104], [122987000.0, 0.00130045], [122995000.0, 0.00138164], [122997000.0, 0.00121907], [123000000.0, 0.02502682], [123005000.0, 0.01], [123006000.0, 0.00550887], [123011000.0, 0.0311]]},
{"timestamp": 1743933641783, "bids": [[122909000.0, 0.03], [122908000.0, 0.03233785], [122889000.0, 0.0023128], [122888000.0, 0.00522], [122881000.0, 0.01626], [122819000.0, 8.142e-05], [122818000.0, 8.142e-05], [122815000.0, 0.00130277], [122811000.0, 0.00533533], [122810000.0, 0.0316]], "asks": [[122971000.0, 0.05], [122972000.0, 0.12871068], [122975000.0, 0.00132104], [122987000.0, 0.00130045], [122995000.0, 0.00138164], [122997000.0, 0.00121907], [123000000.0, 0.02502682], [123005000.0, 0.01], [123006000.0, 0.00550887], [123011000.0, 0.0311]]},
{"timestamp": 1743933642040, "bids": [[122909000.0, 0.03], [122908000.0, 0.03233785], [122889000.0, 0.0023128], [122888000.0, 0.00522], [122881000.0, 0.01626], [122819000.0, 8.142e-05], [122818000.0, 8.142e-05], [122815000.0, 0.00130277], [122811000.0, 0.00533533], [122810000.0, 0.0316]], "asks": [[122971000.0, 0.05], [122972000.0, 0.12871068], [122975000.0, 0.00132104], [122987000.0, 0.00130045], [122995000.0, 0.00138164], [122997000.0, 0.00121907], [123000000.0, 0.02502682], [123005000.0, 0.01], [123006000.0, 0.00550887], [123011000.0, 0.0311]]},
{"timestamp": 1743933642214, "bids": [[122909000.0, 0.03], [122908000.0, 0.03233785], [122889000.0, 0.0023128], [122888000.0, 0.00522], [122881000.0, 0.01626], [122819000.0, 8.142e-05], [122818000.0, 8.142e-05], [122815000.0, 0.00130277], [122811000.0, 0.00533533], [122810000.0, 0.0316]], "asks": [[122971000.0, 0.05], [122972000.0, 0.12871068], [122975000.0, 0.00132104], [122987000.0, 0.00130045], [122995000.0, 0.00138164], [122997000.0, 0.00121907], [123000000.0, 0.02502682], [123005000.0, 0.01], [123006000.0, 0.00550887], [123011000.0, 0.0311]]},
{"timestamp": 1743933642215, "bids": [[122909000.0, 0.03], [122908000.0, 0.03233785], [122889000.0, 0.0023128], [122888000.0, 0.00522], [122881000.0, 0.01626], [122819000.0, 8.142e-05], [122818000.0, 8.142e-05], [122815000.0, 0.00130277], [122811000.0, 0.00533533], [122810000.0, 0.0316]], "asks": [[122971000.0, 0.05], [122972000.0, 0.12871068], [122975000.0, 0.00132104], [122987000.0, 0.00130045], [122995000.0, 0.00138164], [122997000.0, 0.00121907], [123000000.0, 0.02502682], [123005000.0, 0.01], [123006000.0, 0.00550887], [123011000.0, 0.0311]]},
{"timestamp": 1743933642436, "bids": [[122909000.0, 0.03], [122908000.0, 0.03233785], [122889000.0, 0.0023128], [122888000.0, 0.00522], [122881000.0, 0.01626], [122819000.0, 8.142e-05], [122818000.0, 8.142e-05], [122815000.0, 0.00130277], [122811000.0, 0.00533533], [122810000.0, 0.0316]], "asks": [[122971000.0, 0.05], [122972000.0, 0.12871068], [122975000.0, 0.00132104], [122987000.0, 0.00130045], [122995000.0, 0.00138164], [122997000.0, 0.00121907], [123000000.0, 0.02502682], [123005000.0, 0.01], [123006000.0, 0.00550887], [123011000.0, 0.0311]]},
{"timestamp": 1743933642650, "bids": [[122909000.0, 0.03], [122908000.0, 0.03233785], [122889000.0, 0.0023128], [122888000.0, 0.00522], [122881000.0, 0.01626], [122819000.0, 8.142e-05], [122818000.0, 8.142e-05], [122815000.0, 0.00130277], [122811000.0, 0.00533533], [122810000.0, 0.0316]], "asks": [[122971000.0, 0.05], [122972000.0, 0.12871068], [122975000.0, 0.00132104], [122987000.0, 0.00130045], [122995000.0, 0.00138164], [122997000.0, 0.00121907], [123000000.0, 0.02502682], [123005000.0, 0.01], [123006000.0, 0.00550887], [123011000.0, 0.0311]]},
{"timestamp": 1743933643092, "bids": [[122909000.0, 0.03], [122908000.0, 0.03233785], [122889000.0, 0.0023128], [122888000.0, 0.00522], [122881000.0, 0.01626], [122819000.0, 8.142e-05], [122818000.0, 8.142e-05], [122815000.0, 0.00130277], [122811000.0, 0.00533533], [122810000.0, 0.0316]], "asks": [[122971000.0, 0.05], [122972000.0, 0.12871068], [122975000.0, 0.00132104], [122987000.0, 0.00130045], [122995000.0, 0.00138164], [122997000.0, 0.00121907], [123000000.0, 0.02502682], [123005000.0, 0.01], [123006000.0, 0.00550887], [123011000.0, 0.0311]]},
{"timestamp": 1743933643516, "bids": [[122909000.0, 0.03], [122908000.0, 0.03233785], [122889000.0, 0.0023128], [122888000.0, 0.00522], [122881000.0, 0.01626], [122819000.0, 8.142e-05], [122818000.0, 8.142e-05], [122815000.0, 0.00130277], [122811000.0, 0.00533533], [122810000.0, 0.0316]], "asks": [[122971000.0, 0.05], [122972000.0, 0.12871068], [122975000.0, 0.00132104], [122987000.0, 0.00130045], [122995000.0, 0.00138164], [122997000.0, 0.00121907], [123000000.0, 0.02502682], [123005000.0, 0.01], [123006000.0, 0.00550887], [123011000.0, 0.0311]]},
{"timestamp": 1743933644238, "bids": [[122909000.0, 0.03], [122908000.0, 0.03233785], [122889000.0, 0.0023128], [122888000.0, 0.00522], [122881000.0, 0.01626], [122819000.0, 8.142e-05], [122818000.0, 8.142e-05], [122815000.0, 0.00130277], [122811000.0, 0.00533533], [122810000.0, 0.0316]], "asks": [[122971000.0, 0.05], [122972000.0, 0.12871068], [122975000.0, 0.00132104], [122987000.0, 0.00130045], [122995000.0, 0.00138164], [122997000.0, 0.00121907], [123000000.0, 0.02502682], [123005000.0, 0.01], [123006000.0, 0.00550887], [123011000.0, 0.0311]]},
{"timestamp": 1743933644479, "bids": [[122909000.0, 0.03], [122908000.0, 0.03233785], [122889000.0, 0.0023128], [122888000.0, 0.00522], [122881000.0, 0.01626], [122819000.0, 8.142e-05], [122818000.0, 8.142e-05], [122815000.0, 0.00130277], [122811000.0, 0.00533533], [122810000.0, 0.0316]], "asks": [[122971000.0, 0.05], [122972000.0, 0.12871068], [122975000.0, 0.00132104], [122987000.0, 0.00130045], [122995000.0, 0.00138164], [122997000.0, 0.00121907], [123000000.0, 0.02502682], [123005000.0, 0.01], [123006000.0, 0.00550887], [123011000.0, 0.0311]]},
{"timestamp": 1743933644983, "bids": [[122909000.0, 0.03], [122908000.0, 0.03233785], [122889000.0, 0.0023128], [122888000.0, 0.00522], [122881000.0, 0.01626], [122819000.0, 8.142e-05], [122818000.0, 8.142e-05], [122815000.0, 0.00130277], [122811000.0, 0.00533533], [122810000.0, 0.0316]], "asks": [[122971000.0, 0.05], [122972000.0, 0.12871068], [122975000.0, 0.00132104], [122987000.0, 0.00130045], [122995000.0, 0.00138164], [122997000.0, 0.00121907], [123000000.0, 0.02502682], [123005000.0, 0.01], [123006000.0, 0.00550887], [123011000.0, 0.0311]]},
{"timestamp": 1743933645382, "bids": [[122909000.0, 0.03], [122908000.0, 0.03233785], [122889000.0, 0.0023128], [122888000.0, 0.00522], [122881000.0, 0.01626], [122819000.0, 8.142e-05], [122818000.0, 8.142e-05], [122815000.0, 0.00130277], [122811000.0, 0.00533533], [122810000.0, 0.0316]], "asks": [[122971000.0, 0.05], [122972000.0, 0.12871068], [122975000.0, 0.00132104], [122987000.0, 0.00130045], [122995000.0, 0.00138164], [122997000.0, 0.00121907], [123000000.0, 0.02502682], [123005000.0, 0.01], [123006000.0, 0.00550887], [123011000.0, 0.0311]]},
{"timestamp": 1743933645382, "bids": [[122909000.0, 0.03], [122908000.0, 0.03233785], [122889000.0, 0.0023128], [122888000.0, 0.00522], [122881000.0, 0.01626], [122819000.0, 8.142e-05], [122818000.0, 8.142e-05], [122815000.0, 0.00130277], [122811000.0, 0.00533533], [122810000.0, 0.0316]], "asks": [[122971000.0, 0.05], [122972000.0, 0.12871068], [122975000.0, 0.00132104], [122987000.0, 0.00130045], [122995000.0, 0.00138164], [122997000.0, 0.00121907], [123000000.0, 0.02502682], [123005000.0, 0.01], [123006000.0, 0.00550887], [123011000.0, 0.0311]]},
{"timestamp": 1743933645791, "bids": [[122909000.0, 0.03], [122908000.0, 0.03233785], [122889000.0, 0.0023128], [122888000.0, 0.00522], [122881000.0, 0.01626], [122819000.0, 8.142e-05], [122818000.0, 8.142e-05], [122815000.0, 0.00130277], [122811000.0, 0.00533533], [122810000.0, 0.0316]], "asks": [[122971000.0, 0.05], [122972000.0, 0.12871068], [122975000.0, 0.00132104], [122987000.0, 0.00130045], [122995000.0, 0.00138164], [122997000.0, 0.00121907], [123000000.0, 0.02502682], [123005000.0, 0.01], [123006000.0, 0.00550887], [123011000.0, 0.0311]]},
{"timestamp": 1743933646214, "bids": [[122909000.0, 0.03], [122908000.0, 0.03233785], [122889000.0, 0.0023128], [122888000.0, 0.00522], [122881000.0, 0.01626], [122819000.0, 8.142e-05], [122818000.0, 8.142e-05], [122815000.0, 0.00130277], [122811000.0, 0.00533533], [122810000.0, 0.0316]], "asks": [[122971000.0, 0.05], [122972000.0, 0.12871068], [122975000.0, 0.00132104], [122987000.0, 0.00130045], [122995000.0, 0.00138164], [122997000.0, 0.02811907], [123000000.0, 0.02502682], [123005000.0, 0.01], [123006000.0, 0.00550887], [123011000.0, 0.0311]]},
