[
{"timestamp": 1743933191760, "bids": [[122909000.0, 0.03], [122908000.0, 0.03233785], [122895000.0, 0.00456], [122887000.0, 0.0017367], [122881000.0, 0.01626], [122819000.0, 8.142e-05], [122818000.0, 8.142e-05], [122815000.0, 0.00130277], [122809000.0, 0.00533585], [122808000.0, 8.142e-05]], "asks": [[122971000.0, 0.05], [122972000.0, 0.02818765], [122975000.0, 0.00132104], [122987000.0, 0.00130045], [122995000.0, 0.00138164], [122997000.0, 0.00121907], [123000000.0, 0.02502682], [123004000.0, 0.0311], [123005000.0, 0.01], [123006000.0, 0.00028887]]},
{"timestamp": 1743933191935, "bids": [[122909000.0, 0.03], [122908000.0, 0.03233785], [122895000.0, 0.00456], [122887000.0, 0.0017367], [122881000.0, 0.01626], [122819000.0, 8.142e-05], [122818000.0, 8.142e-05], [122815000.0, 0.00130277], [122809000.0, 0.00533585], [122808000.0, 8.142e-05]], "asks": [[122971000.0, 0.05], [122972000.0, 0.02818765], [122975000.0, 0.00132104], [122987000.0, 0.00130045], [122995000.0, 0.00138164], [122997000.0, 0.00121907], [123000000.0, 0.02502682], [123004000.0, 0.0311], [123005000.0, 0.01], [123006000.0, 0.00028887]]},
{"timestamp": 1743933192292, "bids": [[122909000.0, 0.03], [122908000.0, 0.03233785], [122895000.0, 0.00456], [122887000.0, 0.0017367], [122881000.0, 0.01626], [122819000.0, 8.142e-05], [122818000.0, 8.142e-05], [122815000.0, 0.00130277], [122809000.0, 0.00533585], [122808000.0, 8.142e-05]], "asks": [[122971000.0, 0.05], [122972000.0, 0.02818765], [122975000.0, 0.00132104], [122987000.0, 0.00130045], [122995000.0, 0.00138164], [122997000.0, 0.00121907], [123000000.0, 0.02502682], [123004000.0, 0.0311], [123005000.0, 0.01], [123006000.0, 0.00028887]]},
{"timestamp": 1743933192436, "bids": [[122909000.0, 0.03], [122908000.0, 0.03233785], [122895000.0, 0.00456], [122887000.0, 0.0017367], [122881000.0, 0.01626], [122819000.0, 8.142e-05], [122818000.0, 8.142e-05], [122815000.0, 0.00130277], [122809000.0, 0.00533585], [122808000.0, 8.142e-05]], "asks": [[122971000.0, 0.05], [122972000.0, 0.02818765], [122975000.0, 0.00132104], [122987000.0, 0.00130045], [122995000.0, 0.00138164], [122997000.0, 0.00121907], [123000000.0, 0.02502682], [123004000.0, 0.0311], [123005000.0, 0.01], [123006000.0, 0.00028887]]},
{"timestamp": 1743933192790, "bids": [[122909000.0, 0.03], [122908000.0, 0.03233785], [122895000.0, 0.00456], [122887000.0, 0.0017367], [122881000.0, 0.01626], [122819000.0, 8.142e-05], [122818000.0, 8.142e-05], [122815000.0, 0.00130277], [122809000.0, 0.00533585], [122808000.0, 8.142e-05]], "asks": [[122971000.0, 0.05], [122972000.0, 0.02818765], [122975000.0, 0.00132104], [122987000.0, 0.00130045], [122995000.0, 0.00138164], [122997000.0, 0.00121907], [123000000.0, 0.02502682], [123004000.0, 0.0311], [123005000.0, 0.01], [123006000.0, 0.00028887]]},
{"timestamp": 1743933193169, "bids": [[122909000.0, 0.03], [122908000.0, 0.03233785], [122895000.0, 0.00456], [122887000.0, 0.0017367], [122881000.0, 0.01626], [122819000.0, 8.142e-05], [122818000.0, 8.142e-05], [122815000.0, 0.00130277], [122809000.0, 0.00533585], [122808000.0, 8.142e-05]], "asks": [[122971000.0, 0.05], [122972000.0, 0.02818765], [122975000.0, 0.00132104], [122987000.0, 0.00130045], [122995000.0, 0.00138164], [122997000.0, 0.00121907], [123000000.0, 0.02502682], [123004000.0, 0.0311], [123005000.0, 0.01], [123006000.0, 0.00028887]]},
{"timestamp": 1743933193546, "bids": [[122909000.0, 0.03], [122908000.0, 0.03233785], [122895000.0, 0.00456], [122887000.0, 0.0017367], [122881000.0, 0.01626], [122819000.0, 8.142e-05], [122818000.0, 8.142e-05], [122815000.0, 0.00130277], [122809000.0, 0.00533585], [122808000.0, 8.142e-05]], "asks": [[122971000.0, 0.05], [122972000.0, 0.02818765], [122975000.0, 0.00132104], [122987000.0, 0.00130045], [122995000.0, 0.00138164], [122997000.0, 0.00121907], [123000000.0, 0.02502682], [123004000.0, 0.0311], [123005000.0, 0.01], [123006000.0, 0.00028887]]},
{"timestamp": 1743933194279, "bids": [[122909000.0, 0.03], [122908000.0, 0.03233785], [122895000.0, 0.00456], [122887000.0, 0.0017367], [122881000.0, 0.01626], [122819000.0, 8.142e-05], [122818000.0, 8.142e-05], [122815000.0, 0.00130277], [122809000.0, 0.00533585], [122808000.0, 8.142e-05]], "asks": [[122971000.0, 0.05], [122972000.0, 0.02818765], [122975000.0, 0.00132104], [122987000.0, 0.00130045], [122995000.0, 0.00138164], [122997000.0, 0.00121907], [123000000.0, 0.02502682], [123004000.0, 0.0311], [123005000.0, 0.01], [123006000.0, 0.00028887]]},
{"timestamp": 1743933194854, "bids": [[122909000.0, 0.03], [122908000.0, 0.03233785], [122895000.0, 0.00456], [122887000.0, 0.0017367], [122881000.0, 0.01626], [122819000.0, 8.142e-05], [122818000.0, 8.142e-05], [122815000.0, 0.00130277], [122809000.0, 0.00533585], [122808000.0, 8.142e-05]], "asks": [[122971000.0, 0.05], [122972000.0, 0.02818765], [122975000.0, 0.00132104], [122987000.0, 0.00130045], [122995000.0, 0.00138164], [122997000.0, 0.00121907], [123000000.0, 0.02502682], [123004000.0, 0.0311], [123005000.0, 0.01], [123006000.0, 0.00028887]]},
{"timestamp": 1743933195315, "bids": [[122909000.0, 0.03], [122908000.0, 0.03233785], [122895000.0, 0.00456], [122887000.0, 0.0017367], [122881000.0, 0.01626], [122819000.0, 8.142e-05], [122818000.0, 8.142e-05], [122815000.0, 0.00130277], [122809000.0, 0.00533585], [122808000.0, 8.142e-05]], "asks": [[122971000.0, 0.05], [122972000.0, 0.02818765], [122975000.0, 0.00132104], [122987000.0, 0.00130045], [122995000.0, 0.00138164], [122997000.0, 0.00121907], [123000000.0, 0.02502682], [123004000.0, 0.0311], [123005000.0, 0.01], [123006000.0, 0.00028887]]},
{"timestamp": 1743933195700, "bids": [[122909000.0, 0.03], [122908000.0, 0.03233785], [122895000.0, 0.00456], [122887000.0, 0.0017367], [122881000.0, 0.01626], [122819000.0, 8.142e-05], [122818000.0, 8.142e-05], [122815000.0, 0.00130277], [122809000.0, 0.00533585], [122808000.0, 8.142e-05]], "asks": [[122971000.0, 0.05], [122972000.0, 0.02818765], [122975000.0, 0.00132104], [122987000.0, 0.00130045], [122995000.0, 0.00138164], [122997000.0, 0.00121907], [123000000.0, 0.02502682], [123004000.0, 0.0311], [123005000.0, 0.01], [123006000.0, 0.00028887]]},
{"timestamp": 1743933197952, "bids": [[122909000.0, 0.03], [122908000.0, 0.03233785], [122895000.0, 0.00456], [122887000.0, 0.0017367], [122881000.0, 0.01626], [122819000.0, 8.142e-05], [122818000.0, 8.142e-05], [122815000.0, 0.00130277], [122809000.0, 0.00533585], [122808000.0, 8.142e-05]], "asks": [[122971000.0, 0.05], [122972000.0, 0.02818765], [122975000.0, 0.00132104], [122987000.0, 0.00130045], [122995000.0, 0.00138164], [122997000.0, 0.00121907], [123000000.0, 0.02502682], [123004000.0, 0.0311], [123005000.0, 0.01], [123006000.0, 0.00028887]]},
{"timestamp": 1743933198837, "bids": [[122909000.0, 0.03], [122908000.0, 0.03233785], [122895000.0, 0.00456], [122887000.0, 0.0017367], [122881000.0, 0.01626], [122819000.0, 8.142e-05], [122818000.0, 8.142e-05], [122815000.0, 0.00130277], [122809000.0, 0.00533585], [122808000.0, 8.142e-05]], "asks": [[122971000.0, 0.05], [122972000.0, 0.02818765], [122975000.0, 0.00132104], [122987000.0, 0.00130045], [122995000.0, 0.00138164], [122997000.0, 0.00121907], [123000000.0, 0.02502682], [123004000.0, 0.0311], [123005000.0, 0.01], [123006000.0, 0.00028887]]},
{"timestamp": 1743933201823, "bids": [[122909000.0, 0.03], [122908000.0, 0.03233785], [122895000.0, 0.00456], [122887000.0, 0.0017367], [122881000.0, 0.01626], [122819000.0, 8.142e-05], [122818000.0, 8.142e-05], [122815000.0, 0.00130277], [122809000.0, 0.00533585], [122808000.0, 8.142e-05]], "asks": [[122971000.0, 0.05], [122972000.0, 0.02818765], [122975000.0, 0.00132104], [122987000.0, 0.00130045], [122995000.0, 0.00138164], [122997000.0, 0.00121907], [123000000.0, 0.02502682], [123004000.0, 0.0311], [123005000.0, 0.01], [123006000.0, 0.00028887]]},
{"timestamp": 1743933201823, "bids": [[122909000.0, 0.03], [122908000.0, 0.03233785], [122895000.0, 0.00456], [122887000.0, 0.0017367], [122881000.0, 0.01626], [122819000.0, 8.142e-05], [122818000.0, 8.142e-05], [122815000.0, 0.00130277], [122809000.0, 0.00533585], [122808000.0, 8.142e-05]], "asks": [[122971000.0, 0.05], [122972000.0, 0.02818765], [122975000.0, 0.00132104], [122987000.0, 0.00130045], [122995000.0, 0.00138164], [122997000.0, 0.00121907], [123000000.0, 0.02502682], [123004000.0, 0.0311], [123005000.0, 0.01], [123006000.0, 0.00028887]]},
{"timestamp": 1743933202016, "bids": [[122909000.0, 0.03], [122908000.0, 0.03233785], [122895000.0, 0.00456], [122887000.0, 0.0017367], [122881000.0, 0.01626], [122819000.0, 8.142e-05], [122818000.0, 8.142e-05], [122815000.0, 0.00130277], [122809000.0, 0.00533585], [122808000.0, 8.142e-05]], "asks": [[122971000.0, 0.05], [122972000.0, 0.02818765], [122975000.0, 0.00132104], [122987000.0, 0.00130045], [122995000.0, 0.00138164], [122997000.0, 0.00121907], [123000000.0, 0.02502682], [123004000.0, 0.0311], [123005000.0, 0.01], [123006000.0, 0.00028887]]},
{"timestamp": 1743933202016, "bids": [[122909000.0, 0.03], [122908000.0, 0.03233785], [122895000.0, 0.00456], [122887000.0, 0.0017367], [122881000.0, 0.01626], [122819000.0, 8.142e-05], [122818000.0, 8.142e-05], [122815000.0, 0.00130277], [122809000.0, 0.00533585], [122808000.0, 8.142e-05]], "asks": [[122971000.0, 0.05], [122972000.0, 0.02818765], [122975000.0, 0.00132104], [122987000.0, 0.00130045], [122995000.0, 0.00138164], [122997000.0, 0.00121907], [123000000.0, 0.02502682], [123004000.0, 0.0311], [123005000.0, 0.01], [123006000.0, 0.00028887]]},
{"timestamp": 1743933202478, "bids": [[122909000.0, 0.03], [122908000.0, 0.03233785], [122895000.0, 0.00456], [122887000.0, 0.0017367], [122881000.0, 0.01626], [122819000.0, 8.142e-05], [122818000.0, 8.142e-05], [122815000.0, 0.00130277], [122809000.0, 0.00533585], [122808000.0, 8.142e-05]], "asks": [[122971000.0, 0.05], [122972000.0, 0.02818765], [122975000.0, 0.00132104], [122987000.0, 0.00130045], [122995000.0, 0.00138164], [122997000.0, 0.00121907], [123000000.0, 0.02502682], [123004000.0, 0.0311], [123005000.0, 0.01], [123006000.0, 0.00028887]]},
{"timestamp": 1743933202685, "bids": [[122909000.0, 0.03], [122908000.0, 0.03233785], [122895000.0, 0.00456], [122887000.0, 0.0017367], [122881000.0, 0.01626], [122819000.0, 8.142e-05], [122818000.0, 8.142e-05], [122815000.0, 0.00130277], [122809000.0, 0.00533585], [122808000.0, 8.142e-05]], "asks": [[122971000.0, 0.05], [122972000.0, 0.02818765], [122975000.0, 0.00132104], [122987000.0, 0.00130045], [122995000.0, 0.00138164], [122997000.0, 0.00121907], [123000000.0, 0.02502682], [123004000.0, 0.0311], [123005000.0, 0.01], [123006000.0, 0.00028887]]},
{"timestamp": 1743933202980, "bids": [[122909000.0, 0.03], [122908000.0, 0.03233785], [122895000.0, 0.00456], [122887000.0, 0.0017367], [122881000.0, 0.01626], [122819000.0, 8.142e-05], [122818000.0, 8.142e-05], [122815000.0, 0.00130277], [122809000.0, 0.00533585], [122808000.0, 8.142e-05]], "asks": [[122971000.0, 0.05], [122972000.0, 0.02818765], [122975000.0, 0.00132104], [122987000.0, 0.00130045], [122995000.0, 0.00138164], [122997000.0, 0.00121907], [123000000.0, 0.02502682], [123004000.0, 0.0311], [123005000.0, 0.01], [123006000.0, 0.00028887]]},
{"timestamp": 1743933203398, "bids": [[122909000.0, 0.03], [122908000.0, 0.03233785], [122895000.0, 0.00456], [122887000.0, 0.0017367], [122881000.0, 0.01626], [122819000.0, 8.142e-05], [122818000.0, 8.142e-05], [122815000.0, 0.00130277], [122809000.0, 0.00533585], [122808000.0, 8.142e-05]], "asks": [[122971000.0, 0.05], [122972000.0, 0.02818765], [122975000.0, 0.00132104], [122987000.0, 0.00130045], [122995000.0, 0.00138164], [122997000.0, 0.00121907], [123000000.0, 0.02502682], [123004000.0, 0.0311], [123005000.0, 0.01], [123006000.0, 0.00028887]]},
{"timestamp": 1743933203519, "bids": [[122909000.0, 0.03], [122908000.0, 0.03233785], [122895000.0, 0.00456], [122887000.0, 0.0017367], [122881000.0, 0.01626], [122819000.0, 8.142e-05], [122818000.0, 8.142e-05], [122815000.0, 0.00130277], [122809000.0, 0.00533585], [122808000.0, 8.142e-05]], "asks": [[122971000.0, 0.05], [122972000.0, 0.02818765], [122975000.0, 0.00132104], [122987000.0, 0.00130045], [122995000.0, 0.00138164], [122997000.0, 0.00121907], [123000000.0, 0.02502682], [123004000.0, 0.0311], [123005000.0, 0.01], [123006000.0, 0.00028887]]},
{"timestamp": 1743933203519, "bids": [[122909000.0, 0.03], [122908000.0, 0.03233785], [122895000.0, 0.00456], [122887000.0, 0.0017367], [122881000.0, 0.01626], [122819000.0, 8.142e-05], [122818000.0, 8.142e-05], [122815000.0, 0.00130277], [122809000.0, 0.00533585], [122808000.0, 8.142e-05]], "asks": [[122971000.0, 0.05], [122972000.0, 0.02818765], [122975000.0, 0.00132104], [122987000.0, 0.00130045], [122995000.0, 0.00138164], [122997000.0, 0.00121907], [123000000.0, 0.02502682], [123004000.0, 0.0311], [123005000.0, 0.01], [123006000.0, 0.00028887]]},
{"timestamp": 1743933203782, "bids": [[122909000.0, 0.03], [122908000.0, 0.03233785], [122895000.0, 0.00456], [122887000.0, 0.0017367], [122881000.0, 0.01626], [122819000.0, 8.142e-05], [122818000.0, 8.142e-05], [122815000.0, 0.00130277], [122809000.0, 0.00533585], [122808000.0, 8.142e-05]], "asks": [[122971000.0, 0.05], [122972000.0, 0.02818765], [122975000.0, 0.00132104], [122987000.0, 0.00130045], [122995000.0, 0.00138164], [122997000.0, 0.00121907], [123000000.0, 0.02502682], [123004000.0, 0.0311], [123005000.0, 0.01], [123006000.0, 0.00028887]]},
{"timestamp": 1743933204537, "bids": [[122909000.0, 0.03], [122908000.0, 0.03233785], [122895000.0, 0.00456], [122887000.0, 0.0017367], [122881000.0, 0.01626], [122819000.0, 8.142e-05], [122818000.0, 8.142e-05], [122815000.0, 0.00130277], [122809000.0, 0.00533585], [122808000.0, 8.142e-05]], "asks": [[122971000.0, 0.05], [122972000.0, 0.02818765], [122975000.0, 0.00132104], [122987000.0, 0.00130045], [122995000.0, 0.00138164], [122997000.0, 0.00121907], [123000000.0, 0.02502682], [123004000.0, 0.0311], [123005000.0, 0.01], [123006000.0, 0.00028887]]},
{"timestamp": 1743933205467, "bids": [[122909000.0, 0.03], [122908000.0, 0.03233785], [122895000.0, 0.00456], [122887000.0, 0.0017367], [122881000.0, 0.01626], [122819000.0, 8.142e-05], [122818000.0, 8.142e-05], [122815000.0, 0.00130277], [122809000.0, 0.00533585], [122808000.0, 8.142e-05]], "asks": [[122971000.0, 0.05], [122972000.0, 0.02818765], [122975000.0, 0.00132104], [122987000.0, 0.00130045], [122995000.0, 0.00138164], [122997000.0, 0.00121907], [123000000.0, 0.02502682], [123004000.0, 0.0311], [123005000.0, 0.01], [123006000.0, 0.00028887]]},
{"timestamp": 1743933205617, "bids": [[122909000.0, 0.03], [122908000.0, 0.03233785], [122895000.0, 0.00456], [122887000.0, 0.0017367], [122881000.0, 0.01626], [122819000.0, 8.142e-05], [122818000.0, 8.142e-05], [122815000.0, 0.00130277], [122809000.0, 0.00533585], [122808000.0, 8.142e-05]], "asks": [[122971000.0, 0.05], [122972000.0, 0.02818765], [122975000.0, 0.00132104], [122987000.0, 0.00130045], [122995000.0, 0.00138164], [122997000.0, 0.00121907], [123000000.0, 0.02502682], [123004000.0, 0.0311], [123005000.0, 0.01], [123006000.0, 0.00028887]]},
{"timestamp": 1743933207169, "bids": [[122909000.0, 0.03], [122908000.0, 0.03233785], [122895000.0, 0.00456], [122887000.0, 0.0017367], [122881000.0, 0.01626], [122819000.0, 8.142e-05], [122818000.0, 8.142e-05], [122815000.0, 0.00130277], [122809000.0, 0.00533585], [122808000.0, 8.142e-05]], "asks": [[122971000.0, 0.05], [122972000.0, 0.02818765], [122975000.0, 0.00132104], [122987000.0, 0.00130045], [122995000.0, 0.00138164], [122997000.0, 0.00121907], [123000000.0, 0.02502682], [123004000.0, 0.0311], [123005000.0, 0.01], [123006000.0, 0.00028887]]},
{"timestamp": 1743933207550, "bids": [[122909000.0, 0.03], [122908000.0, 0.03233785], [122895000.0, 0.00456], [122887000.0, 0.0017367], [122881000.0, 0.01626], [122819000.0, 8.142e-05], [122818000.0, 8.142e-05], [122815000.0, 0.00130277], [122809000.0, 0.00533585], [122808000.0, 8.142e-05]], "asks": [[122971000.0, 0.05], [122972000.0, 0.02818765], [122975000.0, 0.00132104], [122987000.0, 0.00130045], [122995000.0, 0.00138164], [122997000.0, 0.00121907], [123000000.0, 0.02502682], [123004000.0, 0.0311], [123005000.0, 0.01], [123006000.0, 0.00028887]]},
{"timestamp": 1743933207716, "bids": [[122909000.0, 0.03], [122908000.0, 0.03233785], [122895000.0, 0.00456], [122887000.0, 0.0017367], [122881000.0, 0.01626], [122819000.0, 8.142e-05], [122818000.0, 8.142e-05], [122815000.0, 0.00130277], [122809000.0, 0.00533585], [122808000.0, 8.142e-05]], "asks": [[122971000.0, 0.05], [122972000.0, 0.02818765], [122975000.0, 0.00132104], [122987000.0, 0.00130045], [122995000.0, 0.00138164], [122997000.0, 0.00121907], [123000000.0, 0.02502682], [123004000.0, 0.0311], [123005000.0, 0.01], [123006000.0, 0.00028887]]},
{"timestamp": 1743933212131, "bids": [[122909000.0, 0.03], [122908000.0, 0.03233785], [122895000.0, 0.00456], [122887000.0, 0.0017367], [122881000.0, 0.01626], [122819000.0, 8.142e-05], [122818000.0, 8.142e-05], [122815000.0, 0.00130277], [122809000.0, 0.00533585], [122808000.0, 8.142e-05]], "asks": [[122971000.0, 0.05], [122972000.0, 0.02818765], [122975000.0, 0.00132104], [122987000.0, 0.00130045], [122995000.0, 0.00138164], [122997000.0, 0.00121907], [123000000.0, 0.02502682], [123004000.0, 0.0311], [123005000.0, 0.01], [123006000.0, 0.00028887]]},
{"timestamp": 1743933212131, "bids": [[122909000.0, 0.03], [122908000.0, 0.03233785], [122895000.0, 0.00456], [122887000.0, 0.0017367], [122881000.0, 0.01626], [122819000.0, 8.142e-05], [122818000.0, 8.142e-05], [122815000.0, 0.00130277], [122809000.0, 0.00533585], [122808000.0, 8.142e-05]], "asks": [[122971000.0, 0.05], [122972000.0, 0.02818765], [122975000.0, 0.00132104], [122987000.0, 0.00130045], [122995000.0, 0.00138164], [122997000.0, 0.00121907], [123000000.0, 0.02502682], [123004000.0, 0.0311], [123005000.0, 0.01], [123006000.0, 0.00028887]]},
{"timestamp": 1743933212401, "bids": [[122909000.0, 0.03], [122908000.0, 0.03233785], [122895000.0, 0.00456], [122887000.0, 0.0017367], [122881000.0, 0.01626], [122819000.0, 8.142e-05], [122818000.0, 8.142e-05], [122815000.0, 0.00130277], [122809000.0, 0.00533585], [122808000.0, 8.142e-05]], "asks": [[122971000.0, 0.05], [122972000.0, 0.02818765], [122975000.0, 0.00132104], [122987000.0, 0.00130045], [122995000.0, 0.00138164], [122997000.0, 0.00121907], [123000000.0, 0.02502682], [123004000.0, 0.0311], [123005000.0, 0.01], [123006000.0, 0.00028887]]},
{"timestamp": 1743933212401, "bids": [[122909000.0, 0.03], [122908000.0, 0.03233785], [122895000.0, 0.00456], [122887000.0, 0.0017367], [122881000.0, 0.01626], [122819000.0, 8.142e-05], [122818000.0, 8.142e-05], [122815000.0, 0.00130277], [122809000.0, 0.00533585], [122808000.0, 8.142e-05]], "asks": [[122971000.0, 0.05], [122972000.0, 0.02818765], [122975000.0, 0.00132104], [122987000.0, 0.00130045], [122995000.0, 0.00138164], [122997000.0, 0.00121907], [123000000.0, 0.02502682], [123004000.0, 0.0311], [123005000.0, 0.01], [123006000.0, 0.00028887]]},
{"timestamp": 1743933212593, "bids": [[122909000.0, 0.03], [122908000.0, 0.03233785], [122895000.0, 0.00456], [122887000.0, 0.0017367], [122881000.0, 0.01626], [122819000.0, 8.142e-05], [122818000.0, 8.142e-05], [122815000.0, 0.00130277], [122809000.0, 0.00533585], [122808000.0, 8.142e-05]], "asks": [[122971000.0, 0.05], [122972000.0, 0.02818765], [122975000.0, 0.00132104], [122987000.0, 0.00130045], [122995000.0, 0.00138164], [122997000.0, 0.00121907], [123000000.0, 0.02502682], [123004000.0, 0.0311], [123005000.0, 0.01], [123006000.0, 0.00028887]]},
{"timestamp": 1743933212593, "bids": [[122909000.0, 0.03], [122908000.0, 0.03233785], [122895000.0, 0.00456], [122887000.0, 0.0017367], [122881000.0, 0.01626], [122819000.0, 8.142e-05], [122818000.0, 8.142e-05], [122815000.0, 0.00130277], [122809000.0, 0.00533585], [122808000.0, 8.142e-05]], "asks": [[122971000.0, 0.05], [122972000.0, 0.02818765], [122975000.0, 0.00132104], [122987000.0, 0.00130045], [122995000.0, 0.00138164], [122997000.0, 0.00121907], [123000000.0, 0.02502682], [123004000.0, 0.0311], [123005000.0, 0.01], [123006000.0, 0.00028887]]},
{"timestamp": 1743933212777, "bids": [[122909000.0, 0.03], [122908000.0, 0.03233785], [122895000.0, 0.00456], [122887000.0, 0.0017367], [122881000.0, 0.01626], [122819000.0, 8.142e-05], [122818000.0, 8.142e-05], [122815000.0, 0.00130277], [122809000.0, 0.00533585], [122808000.0, 8.142e-05]], "asks": [[122971000.0, 0.05], [122972000.0, 0.02818765], [122975000.0, 0.00132104], [122987000.0, 0.00130045], [122995000.0, 0.00138164], [122997000.0, 0.00121907], [123000000.0, 0.02502682], [123004000.0, 0.0311], [123005000.0, 0.01], [123006000.0, 0.00028887]]},
{"timestamp": 1743933213120, "bids": [[122909000.0, 0.03], [122908000.0, 0.03233785], [122895000.0, 0.00456], [122887000.0, 0.0017367], [122881000.0, 0.01626], [122819000.0, 8.142e-05], [122818000.0, 8.142e-05], [122815000.0, 0.00130277], [122809000.0, 0.00533585], [122808000.0, 8.142e-05]], "asks": [[122971000.0, 0.05], [122972000.0, 0.02818765], [122975000.0, 0.00132104], [122987000.0, 0.00130045], [122995000.0, 0.00138164], [122997000.0, 0.00121907], [123000000.0, 0.02502682], [123004000.0, 0.0311], [123005000.0, 0.01], [123006000.0, 0.00028887]]},
{"timestamp": 1743933213433, "bids": [[122909000.0, 0.03], [122908000.0, 0.03233785], [122895000.0, 0.00456], [122887000.0, 0.0017367], [122881000.0, 0.01626], [122819000.0, 8.142e-05], [122818000.0, 8.142e-05], [122815000.0, 0.00130277], [122809000.0, 0.00533585], [122808000.0, 8.142e-05]], "asks": [[122971000.0, 0.05], [122972000.0, 0.02818765], [122975000.0, 0.00132104], [122987000.0, 0.00130045], [122995000.0, 0.00138164], [122997000.0, 0.00121907], [123000000.0, 0.02502682], [123004000.0, 0.0311], [123005000.0, 0.01], [123006000.0, 0.00028887]]},
{"timestamp": 1743933213873, "bids": [[122909000.0, 0.03], [122908000.0, 0.03233785], [122895000.0, 0.00456], [122887000.0, 0.0017367], [122881000.0, 0.01626], [122819000.0, 8.142e-05], [122818000.0, 8.142e-05], [122815000.0, 0.00130277], [122809000.0, 0.00533585], [122808000.0, 8.142e-05]], "asks": [[122971000.0, 0.05], [122972000.0, 0.02818765], [122975000.0, 0.00132104], [122987000.0, 0.00130045], [122995000.0, 0.00138164], [122997000.0, 0.00121907], [123000000.0, 0.02502682], [123004000.0, 0.0311], [123005000.0, 0.01], [123006000.0, 0.00028887]]},
{"timestamp": 1743933213873, "bids": [[122909000.0, 0.03], [122908000.0, 0.03233785], [122895000.0, 0.00456], [122887000.0, 0.0017367], [122881000.0, 0.01626], [122819000.0, 8.142e-05], [122818000.0, 8.142e-05], [122815000.0, 0.00130277], [122809000.0, 0.00533585], [122808000.0, 8.142e-05]], "asks": [[122971000.0, 0.05], [122972000.0, 0.02818765], [122975000.0, 0.00132104], [122987000.0, 0.00130045], [122995000.0, 0.00138164], [122997000.0, 0.00121907], [123000000.0, 0.02502682], [123004000.0, 0.0311], [123005000.0, 0.01], [123006000.0, 0.00028887]]},
{"timestamp": 1743933214282, "bids": [[122909000.0, 0.03], [122908000.0, 0.03233785], [122895000.0, 0.00456], [122887000.0, 0.0017367], [122881000.0, 0.01626], [122819000.0, 8.142e-05], [122818000.0, 8.142e-05], [122815000.0, 0.00130277], [122809000.0, 0.00533585], [122808000.0, 8.142e-05]], "asks": [[122971000.0, 0.05], [122972000.0, 0.02818765], [122975000.0, 0.00132104], [122987000.0, 0.00130045], [122995000.0, 0.00138164], [122997000.0, 0.00121907], [123000000.0, 0.02502682], [123004000.0, 0.0311], [123005000.0, 0.01], [123006000.0, 0.00028887]]},
{"timestamp": 1743933214429, "bids": [[122909000.0, 0.03], [122908000.0, 0.03233785], [122895000.0, 0.00456], [122887000.0, 0.0017367], [122881000.0, 0.01626], [122819000.0, 8.142e-05], [122818000.0, 8.142e-05], [122815000.0, 0.00130277], [122809000.0, 0.00533585], [122808000.0, 8.142e-05]], "asks": [[122971000.0, 0.05], [122972000.0, 0.02818765], [122975000.0, 0.00132104], [122987000.0, 0.00130045], [122995000.0, 0.00138164], [122997000.0, 0.00121907], [123000000.0, 0.02502682], [123004000.0, 0.0311], [123005000.0, 0.01], [123006000.0, 0.00028887]]},
{"timestamp": 1743933214429, "bids": [[122909000.0, 0.03], [122908000.0, 0.03233785], [122895000.0, 0.00456], [122887000.0, 0.0017367], [122881000.0, 0.01626], [122819000.0, 8.142e-05], [122818000.0, 8.142e-05], [122815000.0, 0.00130277], [122809000.0, 0.00533585], [122808000.0, 8.142e-05]], "asks": [[122971000.0, 0.05], [122972000.0, 0.02818765], [122975000.0, 0.00132104], [122987000.0, 0.00130045], [122995000.0, 0.00138164], [122997000.0, 0.00121907], [123000000.0, 0.02502682], [123004000.0, 0.0311], [123005000.0, 0.01], [123006000.0, 0.00028887]]},
{"timestamp": 1743933214618, "bids": [[122909000.0, 0.03], [122908000.0, 0.03233785], [122895000.0, 0.00456], [122887000.0, 0.0017367], [122881000.0, 0.01626], [122819000.0, 8.142e-05], [122818000.0, 8.142e-05], [122815000.0, 0.00130277], [122809000.0, 0.00533585], [122808000.0, 8.142e-05]], "asks": [[122971000.0, 0.05], [122972000.0, 0.02818765], [122975000.0, 0.00132104], [122987000.0, 0.00130045], [122995000.0, 0.00138164], [122997000.0, 0.00121907], [123000000.0, 0.02502682], [123004000.0, 0.0311], [123005000.0, 0.01], [123006000.0, 0.00028887]]},
{"timestamp": 1743933214867, "bids": [[122909000.0, 0.03], [122908000.0, 0.03233785], [122895000.0, 0.00456], [122887000.0, 0.0017367], [122881000.0, 0.01626], [122819000.0, 8.142e-05], [122818000.0, 8.142e-05], [122815000.0, 0.00130277], [122809000.0, 0.00533585], [122808000.0, 8.142e-05]], "asks": [[122971000.0, 0.05], [122972000.0, 0.02818765], [122975000.0, 0.00132104], [122987000.0, 0.00130045], [122995000.0, 0.00138164], [122997000.0, 0.00121907], [123000000.0, 0.02502682], [123004000.0, 0.0311], [123005000.0, 0.01], [123006000.0, 0.00028887]]},
{"timestamp": 1743933215033, "bids": [[122909000.0, 0.03], [122908000.0, 0.03233785], [122895000.0, 0.00456], [122887000.0, 0.0017367], [122881000.0, 0.01626], [122819000.0, 8.142e-05], [122818000.0, 8.142e-05], [122815000.0, 0.00130277], [122809000.0, 0.00533585], [122808000.0, 8.142e-05]], "asks": [[122971000.0, 0.05], [122972000.0, 0.02818765], [122975000.0, 0.00132104], [122987000.0, 0.00130045], [122995000.0, 0.00138164], [122997000.0, 0.00121907], [123000000.0, 0.02502682], [123004000.0, 0.0311], [123005000.0, 0.01], [123006000.0, 0.00028887]]},
{"timestamp": 1743933215033, "bids": [[122909000.0, 0.03], [122908000.0, 0.03233785], [122895000.0, 0.00456], [122887000.0, 0.0017367], [122881000.0, 0.01626], [122819000.0, 8.142e-05], [122818000.0, 8.142e-05], [122815000.0, 0.00130277], [122809000.0, 0.00533585], [122808000.0, 8.142e-05]], "asks": [[122971000.0, 0.05], [122972000.0, 0.02818765], [122975000.0, 0.00132104], [122987000.0, 0.00130045], [122995000.0, 0.00138164], [122997000.0, 0.00121907], [123000000.0, 0.02502682], [123004000.0, 0.0311], [123005000.0, 0.01], [123006000.0, 0.00028887]]},
{"timestamp": 1743933215423, "bids": [[122909000.0, 0.03], [122908000.0, 0.03233785], [122895000.0, 0.00456], [122887000.0, 0.0017367], [122881000.0, 0.01626], [122819000.0, 8.142e-05], [122818000.0, 8.142e-05], [122815000.0, 0.00130277], [122809000.0, 0.00533585], [122808000.0, 8.142e-05]], "asks": [[122971000.0, 0.05], [122972000.0, 0.02818765], [122975000.0, 0.00132104], [122987000.0, 0.00130045], [122995000.0, 0.00138164], [122997000.0, 0.00121907], [123000000.0, 0.02502682], [123004000.0, 0.0311], [123005000.0, 0.01], [123006000.0, 0.00028887]]},
{"timestamp": 1743933215601, "bids": [[122909000.0, 0.03], [122908000.0, 0.03233785], [122895000.0, 0.00456], [122887000.0, 0.0017367], [122881000.0, 0.01626], [122819000.0, 8.142e-05], [122818000.0, 8.142e-05], [122815000.0, 0.00130277], [122809000.0, 0.00533585], [122808000.0, 8.142e-05]], "asks": [[122971000.0, 0.05], [122972000.0, 0.02818765], [122975000.0, 0.00132104], [122987000.0, 0.00130045], [122995000.0, 0.00138164], [122997000.0, 0.00121907], [123000000.0, 0.02502682], [123004000.0, 0.0311], [123005000.0, 0.01], [123006000.0, 0.00028887]]},
{"timestamp": 1743933216619, "bids": [[122909000.0, 0.03], [122908000.0, 0.03233785], [122895000.0, 0.00456], [122887000.0, 0.0017367], [122881000.0, 0.01626], [122819000.0, 8.142e-05], [122818000.0, 8.142e-05], [122815000.0, 0.00130277], [122809000.0, 0.00533585], [122808000.0, 8.142e-05]], "asks": [[122971000.0, 0.05], [122972000.0, 0.02818765], [122975000.0, 0.00132104], [122987000.0, 0.00130045], [122995000.0, 0.00138164], [122997000.0, 0.00121907], [123000000.0, 0.02502682], [123004000.0, 0.0311], [123005000.0, 0.01], [123006000.0, 0.00028887]]},
{"timestamp": 1743933216837, "bids": [[122909000.0, 0.03], [122908000.0, 0.03233785], [122895000.0, 0.00456], [122887000.0, 0.0017367], [122881000.0, 0.01626], [122819000.0, 8.142e-05], [122818000.0, 8.142e-05], [122815000.0, 0.00130277], [122809000.0, 0.00533585], [122808000.0, 8.142e-05]], "asks": [[122971000.0, 0.05], [122972000.0, 0.02818765], [122975000.0, 0.00132104], [122987000.0, 0.00130045], [122995000.0, 0.00138164], [122997000.0, 0.00121907], [123000000.0, 0.02502682], [123004000.0, 0.0311], [123005000.0, 0.01], [123006000.0, 0.00028887]]},
{"timestamp": 1743933217633, "bids": [[122909000.0, 0.03], [122908000.0, 0.03233785], [122895000.0, 0.00456], [122887000.0, 0.0017367], [122881000.0, 0.01626], [122819000.0, 8.142e-05], [122818000.0, 8.142e-05], [122815000.0, 0.00130277], [122809000.0, 0.00533585], [122808000.0, 8.142e-05]], "asks": [[122971000.0, 0.05], [122972000.0, 0.02818765], [122975000.0, 0.00132104], [122987000.0, 0.00130045], [122995000.0, 0.00138164], [122997000.0, 0.00121907], [123000000.0, 0.02502682], [123004000.0, 0.0311], [123005000.0, 0.01], [123006000.0, 0.00028887]]},
{"timestamp": 1743933217871, "bids": [[122909000.0, 0.03], [122908000.0, 0.03233785], [122895000.0, 0.00456], [122887000.0, 0.0017367], [122881000.0, 0.01626], [122819000.0, 8.142e-05], [122818000.0, 8.142e-05], [122815000.0, 0.00130277], [122809000.0, 0.00533585], [122808000.0, 8.142e-05]], "asks": [[122971000.0, 0.05], [122972000.0, 0.02818765], [122975000.0, 0.00132104], [122987000.0, 0.00130045], [122995000.0, 0.00138164], [122997000.0, 0.00121907], [123000000.0, 0.02502682], [123004000.0, 0.0311], [123005000.0, 0.01], [123006000.0, 0.00028887]]},
{"timestamp": 1743933218688, "bids": [[122909000.0, 0.03], [122908000.0, 0.03233785], [122895000.0, 0.00456], [122887000.0, 0.0017367], [122881000.0, 0.01626], [122819000.0, 8.142e-05], [122818000.0, 8.142e-05], [122815000.0, 0.00130277], [122809000.0, 0.00533585], [122808000.0, 8.142e-05]], "asks": [[122971000.0, 0.05], [122972000.0, 0.02818765], [122975000.0, 0.00132104], [122987000.0, 0.00130045], [122995000.0, 0.00138164], [122997000.0, 0.00121907], [123000000.0, 0.02502682], [123004000.0, 0.0311], [123005000.0, 0.01], [123006000.0, 0.00028887]]},
{"timestamp": 1743933218832, "bids": [[122909000.0, 0.03], [122908000.0, 0.03233785], [122895000.0, 0.00456], [122887000.0, 0.0017367], [122881000.0, 0.01626], [122819000.0, 8.142e-05], [122818000.0, 8.142e-05], [122815000.0, 0.00130277], [122809000.0, 0.00533585], [122808000.0, 8.142e-05]], "asks": [[122971000.0, 0.05], [122972000.0, 0.02818765], [122975000.0, 0.00132104], [122987000.0, 0.00130045], [122995000.0, 0.00138164], [122997000.0, 0.00121907], [123000000.0, 0.02502682], [123004000.0, 0.0311], [123005000.0, 0.01], [123006000.0, 0.00028887]]},
{"timestamp": 1743933222343, "bids": [[122909000.0, 0.03], [122908000.0, 0.03233785], [122895000.0, 0.00456], [122887000.0, 0.0017367], [122881000.0, 0.01626], [122819000.0, 8.142e-05], [122818000.0, 8.142e-05], [122815000.0, 0.00130277], [122809000.0, 0.00533585], [122808000.0, 8.142e-05]], "asks": [[122971000.0, 0.05], [122972000.0, 0.02818765], [122975000.0, 0.00132104], [122987000.0, 0.00130045], [122995000.0, 0.00138164], [122997000.0, 0.00121907], [123000000.0, 0.02502682], [123004000.0, 0.0311], [123005000.0, 0.01], [123006000.0, 0.00028887]]},
{"timestamp": 1743933222510, "bids": [[122909000.0, 0.03], [122908000.0, 0.03233785], [122895000.0, 0.00456], [122887000.0, 0.0017367], [122881000.0, 0.01626], [122819000.0, 8.142e-05], [122818000.0, 8.142e-05], [122815000.0, 0.00130277], [122809000.0, 0.00533585], [122808000.0, 8.142e-05]], "asks": [[122971000.0, 0.05], [122972000.0, 0.02818765], [122975000.0, 0.00132104], [122987000.0, 0.00130045], [122995000.0, 0.00138164], [122997000.0, 0.00121907], [123000000.0, 0.02502682], [123004000.0, 0.0311], [123005000.0, 0.01], [123006000.0, 0.00028887]]},
{"timestamp": 1743933222510, "bids": [[122909000.0, 0.03], [122908000.0, 0.03233785], [122895000.0, 0.00456], [122887000.0, 0.0017367], [122881000.0, 0.01626], [122819000.0, 8.142e-05], [122818000.0, 8.142e-05], [122815000.0, 0.00130277], [122809000.0, 0.00533585], [122808000.0, 8.142e-05]], "asks": [[122971000.0, 0.05], [122972000.0, 0.02818765], [122975000.0, 0.00132104], [122987000.0, 0.00130045], [122995000.0, 0.00138164], [122997000.0, 0.00121907], [123000000.0, 0.02502682], [123004000.0, 0.0311], [123005000.0, 0.01], [123006000.0, 0.00028887]]},
{"timestamp": 1743933222803, "bids": [[122909000.0, 0.03], [122908000.0, 0.03233785], [122895000.0, 0.00456], [122887000.0, 0.0017367], [122881000.0, 0.01626], [122819000.0, 8.142e-05], [122818000.0, 8.142e-05], [122815000.0, 0.00130277], [122809000.0, 0.00533585], [122808000.0, 8.142e-05]], "asks": [[122971000.0, 0.05], [122972000.0, 0.02818765], [122975000.0, 0.00132104], [122987000.0, 0.00130045], [122995000.0, 0.00138164], [122997000.0, 0.00121907], [123000000.0, 0.02502682], [123004000.0, 0.0311], [123005000.0, 0.01], [123006000.0, 0.00028887]]},
{"timestamp": 1743933223817, "bids": [[122909000.0, 0.03], [122908000.0, 0.03233785], [122895000.0, 0.00456], [122887000.0, 0.0017367], [122881000.0, 0.01626], [122819000.0, 8.142e-05], [122818000.0, 8.142e-05], [122815000.0, 0.00130277], [122809000.0, 0.00533585], [122808000.0, 8.142e-05]], "asks": [[122971000.0, 0.05], [122972000.0, 0.02818765], [122975000.0, 0.00132104], [122987000.0, 0.00130045], [122995000.0, 0.00138164], [122997000.0, 0.00121907], [123000000.0, 0.02502682], [123004000.0, 0.0311], [123005000.0, 0.01], [123006000.0, 0.00028887]]},
{"timestamp": 1743933224077, "bids": [[122909000.0, 0.03], [122908000.0, 0.03233785], [122895000.0, 0.00456], [122887000.0, 0.0017367], [122881000.0, 0.01626], [122819000.0, 8.142e-05], [122818000.0, 8.142e-05], [122815000.0, 0.00130277], [122809000.0, 0.00533585], [122808000.0, 8.142e-05]], "asks": [[122971000.0, 0.05], [122972000.0, 0.02818765], [122975000.0, 0.00132104], [122987000.0, 0.00130045], [122995000.0, 0.00138164], [122997000.0, 0.00121907], [123000000.0, 0.02502682], [123004000.0, 0.0311], [123005000.0, 0.01], [123006000.0, 0.00028887]]},
{"timestamp": 1743933224312, "bids": [[122909000.0, 0.03], [122908000.0, 0.03233785], [122895000.0, 0.00456], [122887000.0, 0.0017367], [122881000.0, 0.01626], [122819000.0, 8.142e-05], [122818000.0, 8.142e-05], [122815000.0, 0.00130277], [122809000.0, 0.00533585], [122808000.0, 8.142e-05]], "asks": [[122971000.0, 0.05], [122972000.0, 0.02818765], [122975000.0, 0.00132104], [122987000.0, 0.00130045], [122995000.0, 0.00138164], [122997000.0, 0.00121907], [123000000.0, 0.02502682], [123004000.0, 0.0311], [123005000.0, 0.01], [123006000.0, 0.00028887]]},
{"timestamp": 1743933224312, "bids": [[122909000.0, 0.03], [122908000.0, 0.03233785], [122895000.0, 0.00456], [122887000.0, 0.0017367], [122881000.0, 0.01626], [122819000.0, 8.142e-05], [122818000.0, 8.142e-05], [122815000.0, 0.00130277], [122809000.0, 0.00533585], [122808000.0, 8.142e-05]], "asks": [[122971000.0, 0.05], [122972000.0, 0.02818765], [122975000.0, 0.00132104], [122987000.0, 0.00130045], [122995000.0, 0.00138164], [122997000.0, 0.00121907], [123000000.0, 0.02502682], [123004000.0, 0.0311], [123005000.0, 0.01], [123006000.0, 0.00028887]]},
{"timestamp": 1743933224518, "bids": [[122909000.0, 0.03], [122908000.0, 0.03233785], [122895000.0, 0.00456], [122887000.0, 0.0017367], [122881000.0, 0.01626], [122819000.0, 8.142e-05], [122818000.0, 8.142e-05], [122815000.0, 0.00130277], [122809000.0, 0.00533585], [122808000.0, 8.142e-05]], "asks": [[122971000.0, 0.05], [122972000.0, 0.02818765], [122975000.0, 0.00132104], [122987000.0, 0.00130045], [122995000.0, 0.00138164], [122997000.0, 0.00121907], [123000000.0, 0.02502682], [123004000.0, 0.0311], [123005000.0, 0.01], [123006000.0, 0.00028887]]},
{"timestamp": 1743933224715, "bids": [[122909000.0, 0.03], [122908000.0, 0.03233785], [122895000.0, 0.00456], [122887000.0, 0.0017367], [122881000.0, 0.01626], [122819000.0, 8.142e-05], [122818000.0, 8.142e-05], [122815000.0, 0.00130277], [122809000.0, 0.00533585], [122808000.0, 8.142e-05]], "asks": [[122971000.0, 0.05], [122972000.0, 0.02818765], [122975000.0, 0.00132104], [122987000.0, 0.00130045], [122995000.0, 0.00138164], [122997000.0, 0.00121907], [123000000.0, 0.02502682], [123004000.0, 0.0311], [123005000.0, 0.01], [123006000.0, 0.00028887]]},
{"timestamp": 1743933226981, "bids": [[122909000.0, 0.03], [122908000.0, 0.03233785], [122895000.0, 0.00456], [122887000.0, 0.0017367], [122881000.0, 0.01626], [122819000.0, 8.142e-05], [122818000.0, 8.142e-05], [122815000.0, 0.00130277], [122809000.0, 0.00533585], [122808000.0, 8.142e-05]], "asks": [[122971000.0, 0.05], [122972000.0, 0.02818765], [122975000.0, 0.00132104], [122987000.0, 0.00130045], [122995000.0, 0.00138164], [122997000.0, 0.00121907], [123000000.0, 0.02502682], [123004000.0, 0.0311], [123005000.0, 0.01], [123006000.0, 0.00028887]]},
{"timestamp": 1743933227341, "bids": [[122909000.0, 0.03], [122908000.0, 0.03233785], [122895000.0, 0.00456], [122887000.0, 0.0017367], [122881000.0, 0.01626], [122819000.0, 8.142e-05], [122818000.0, 8.142e-05], [122815000.0, 0.00130277], [122809000.0, 0.00533585], [122808000.0, 8.142e-05]], "asks": [[122971000.0, 0.05], [122972000.0, 0.02818765], [122975000.0, 0.00132104], [122987000.0, 0.00130045], [122995000.0, 0.00138164], [122997000.0, 0.00121907], [123000000.0, 0.02502682], [123004000.0, 0.0311], [123005000.0, 0.01], [123006000.0, 0.00028887]]},
{"timestamp": 1743933230211, "bids": [[122909000.0, 0.03], [122908000.0, 0.03233785], [122895000.0, 0.00456], [122887000.0, 0.0017367], [122881000.0, 0.01626], [122819000.0, 8.142e-05], [122818000.0, 8.142e-05], [122815000.0, 0.00130277], [122809000.0, 0.00533585], [122808000.0, 8.142e-05]], "asks": [[122971000.0, 0.05], [122972000.0, 0.02818765], [122975000.0, 0.00132104], [122987000.0, 0.00130045], [122995000.0, 0.00138164], [122997000.0, 0.00121907], [123000000.0, 0.02502682], [123004000.0, 0.0311], [123005000.0, 0.01], [123006000.0, 0.00028887]]},
{"timestamp": 1743933230211, "bids": [[122909000.0, 0.03], [122908000.0, 0.03233785], [122895000.0, 0.00456], [122887000.0, 0.0017367], [122881000.0, 0.01626], [122819000.0, 8.142e-05], [122818000.0, 8.142e-05], [122815000.0, 0.00130277], [122809000.0, 0.00533585], [122808000.0, 8.142e-05]], "asks": [[122971000.0, 0.05], [122972000.0, 0.02818765], [122975000.0, 0.00132104], [122987000.0, 0.00130045], [122995000.0, 0.00138164], [122997000.0, 0.00121907], [123000000.0, 0.02502682], [123004000.0, 0.0311], [123005000.0, 0.01], [123006000.0, 0.00028887]]},
{"timestamp": 1743933230818, "bids": [[122909000.0, 0.03], [122908000.0, 0.03233785], [122895000.0, 0.00456], [122887000.0, 0.0017367], [122881000.0, 0.01626], [122819000.0, 8.142e-05], [122818000.0, 8.142e-05], [122815000.0, 0.00130277], [122808000.0, 8.142e-05], [122806000.0, 8.142e-05]], "asks": [[122971000.0, 0.05], [122972000.0, 0.02818765], [122975000.0, 0.00132104], [122987000.0, 0.00130045], [122995000.0, 0.00138164], [122997000.0, 0.00121907], [123000000.0, 0.02502682], [123004000.0, 0.0311], [123005000.0, 0.01], [123006000.0, 0.00028887]]},
{"timestamp": 1743933230818, "bids": [[122909000.0, 0.03], [122908000.0, 0.03233785], [122895000.0, 0.00456], [122887000.0, 0.0017367], [122881000.0, 0.01626], [122820000.0, 9.964e-05], [122819000.0, 8.142e-05], [122818000.0, 8.142e-05], [122815000.0, 0.00130277], [122808000.0, 8.142e-05]], "asks": [[122971000.0, 0.05], [122972000.0, 0.02818765], [122975000.0, 0.00132104], [122987000.0, 0.00130045], [122995000.0, 0.00138164], [122997000.0, 0.00121907], [123000000.0, 0.02502682], [123004000.0, 0.0311], [123005000.0, 0.01], [123006000.0, 0.00028887]]},
{"timestamp": 1743933231003, "bids": [[122909000.0, 0.03], [122908000.0, 0.03233785], [122895000.0, 0.00456], [122887000.0, 0.0017367], [122881000.0, 0.01626], [122820000.0, 9.964e-05], [122819000.0, 8.142e-05], [122818000.0, 8.142e-05], [122815000.0, 0.00130277], [122808000.0, 8.142e-05]], "asks": [[122971000.0, 0.05], [122972000.0, 0.02818765], [122975000.0, 0.00132104], [122987000.0, 0.00130045], [122995000.0, 0.00138164], [122997000.0, 0.00121907], [123000000.0, 0.02502682], [123004000.0, 0.0311], [123005000.0, 0.01], [123006000.0, 0.00028887]]},
{"timestamp": 1743933231202, "bids": [[122909000.0, 0.03], [122908000.0, 0.03233785], [122895000.0, 0.00456], [122887000.0, 0.0017367], [122881000.0, 0.01626], [122820000.0, 9.964e-05], [122819000.0, 8.142e-05], [122818000.0, 8.142e-05], [122815000.0, 0.00130277], [122808000.0, 8.142e-05]], "asks": [[122971000.0, 0.05], [122972000.0, 0.02818765], [122975000.0, 0.00132104], [122987000.0, 0.00130045], [122995000.0, 0.00138164], [122997000.0, 0.00121907], [123000000.0, 0.02502682], [123004000.0, 0.0311], [123005000.0, 0.01], [123006000.0, 0.00028887]]},
{"timestamp": 1743933231694, "bids": [[122909000.0, 0.03], [122908000.0, 0.03233785], [122895000.0, 0.00456], [122887000.0, 0.0017367], [122881000.0, 0.01626], [122820000.0, 9.964e-05], [122819000.0, 8.142e-05], [122818000.0, 8.142e-05], [122815000.0, 0.00130277], [122808000.0, 8.142e-05]], "asks": [[122971000.0, 0.05], [122972000.0, 0.02818765], [122975000.0, 0.00132104], [122987000.0, 0.00130045], [122995000.0, 0.00138164], [122997000.0, 0.00121907], [123000000.0, 0.02502682], [123004000.0, 0.0311], [123005000.0, 0.01], [123006000.0, 0.00028887]]},
{"timestamp": 1743933232603, "bids": [[122909000.0, 0.03], [122908000.0, 0.03233785], [122895000.0, 0.00456], [122887000.0, 0.0017367], [122881000.0, 0.01626], [122820000.0, 9.964e-05], [122819000.0, 8.142e-05], [122818000.0, 8.142e-05], [122815000.0, 0.00130277], [122808000.0, 8.142e-05]], "asks": [[122971000.0, 0.05], [122972000.0, 0.02818765], [122975000.0, 0.00132104], [122987000.0, 0.00130045], [122995000.0, 0.00138164], [122997000.0, 0.00121907], [123000000.0, 0.02502682], [123004000.0, 0.0311], [123005000.0, 0.01], [123006000.0, 0.00028887]]},
{"timestamp": 1743933232603, "bids": [[122909000.0, 0.03], [122908000.0, 0.03233785], [122895000.0, 0.00456], [122887000.0, 0.0017367], [122881000.0, 0.01626], [122820000.0, 9.964e-05], [122819000.0, 8.142e-05], [122818000.0, 8.142e-05], [122815000.0, 0.00130277], [122808000.0, 8.142e-05]], "asks": [[122971000.0, 0.05], [122972000.0, 0.02818765], [122975000.0, 0.00132104], [122987000.0, 0.00130045], [122995000.0, 0.00138164], [122997000.0, 0.00121907], [123000000.0, 0.02502682], [123004000.0, 0.0311], [123005000.0, 0.01], [123006000.0, 0.00028887]]},
{"timestamp": 1743933232882, "bids": [[122909000.0, 0.03], [122908000.0, 0.03233785], [122895000.0, 0.00456], [122887000.0, 0.0017367], [122881000.0, 0.01626], [122820000.0, 9.964e-05], [122819000.0, 8.142e-05], [122818000.0, 8.142e-05], [122815000.0, 0.00130277], [122808000.0, 8.142e-05]], "asks": [[122971000.0, 0.05], [122972000.0, 0.02818765], [122975000.0, 0.00132104], [122987000.0, 0.00130045], [122995000.0, 0.00138164], [122997000.0, 0.00121907], [123000000.0, 0.02502682], [123004000.0, 0.0311], [123005000.0, 0.01], [123006000.0, 0.00028887]]},
{"timestamp": 1743933232882, "bids": [[122909000.0, 0.03], [122908000.0, 0.03233785], [122895000.0, 0.00456], [122887000.0, 0.0017367], [122881000.0, 0.01626], [122820000.0, 9.964e-05], [122819000.0, 8.142e-05], [122818000.0, 8.142e-05], [122815000.0, 0.00130277], [122808000.0, 8.142e-05]], "asks": [[122971000.0, 0.05], [122972000.0, 0.02818765], [122975000.0, 0.00132104], [122987000.0, 0.00130045], [122995000.0, 0.00138164], [122997000.0, 0.00121907], [123000000.0, 0.02502682], [123004000.0, 0.0311], [123005000.0, 0.01], [123006000.0, 0.00028887]]},
{"timestamp": 1743933232882, "bids": [[122909000.0, 0.03], [122908000.0, 0.03233785], [122895000.0, 0.00456], [122887000.0, 0.0017367], [122881000.0, 0.01626], [122820000.0, 9.964e-05], [122819000.0, 8.142e-05], [122818000.0, 8.142e-05], [122815000.0, 0.00130277], [122808000.0, 8.142e-05]], "asks": [[122971000.0, 0.05], [122972000.0, 0.02818765], [122975000.0, 0.00132104], [122987000.0, 0.00130045], [122995000.0, 0.00138164], [122997000.0, 0.00121907], [123000000.0, 0.02502682], [123004000.0, 0.0311], [123005000.0, 0.01], [123006000.0, 0.00028887]]},
{"timestamp": 1743933232882, "bids": [[122909000.0, 0.03], [122908000.0, 0.03233785], [122895000.0, 0.00456], [122887000.0, 0.0017367], [122881000.0, 0.01626], [122820000.0, 9.964e-05], [122819000.0, 8.142e-05], [122818000.0, 8.142e-05], [122815000.0, 0.00130277], [122808000.0, 8.142e-05]], "asks": [[122971000.0, 0.05], [122972000.0, 0.02818765], [122975000.0, 0.00132104], [122987000.0, 0.00130045], [122995000.0, 0.00138164], [122997000.0, 0.00121907], [123000000.0, 0.02502682], [123004000.0, 0.0311], [123005000.0, 0.01], [123006000.0, 0.00028887]]},
{"timestamp": 1743933232882, "bids": [[122909000.0, 0.03], [122908000.0, 0.03233785], [122895000.0, 0.00456], [122887000.0, 0.0017367], [122881000.0, 0.01626], [122820000.0, 9.964e-05], [122819000.0, 8.142e-05], [122818000.0, 8.142e-05], [122815000.0, 0.00130277], [122808000.0, 8.142e-05]], "asks": [[122971000.0, 0.05], [122972000.0, 0.02818765], [122975000.0, 0.00132104], [122987000.0, 0.00130045], [122995000.0, 0.00138164], [122997000.0, 0.00121907], [123000000.0, 0.02502682], [123004000.0, 0.0311], [123005000.0, 0.01], [123006000.0, 0.00028887]]},
{"timestamp": 1743933233248, "bids": [[122909000.0, 0.03], [122908000.0, 0.03233785], [122895000.0, 0.00456], [122887000.0, 0.0017367], [122881000.0, 0.01626], [122820000.0, 9.964e-05], [122819000.0, 8.142e-05], [122818000.0, 8.142e-05], [122815000.0, 0.00130277], [122808000.0, 8.142e-05]], "asks": [[122971000.0, 0.05], [122972000.0, 0.02818765], [122975000.0, 0.00132104], [122987000.0, 0.00130045], [122995000.0, 0.00138164], [122997000.0, 0.00121907], [123000000.0, 0.02502682], [123004000.0, 0.0311], [123005000.0, 0.01], [123006000.0, 0.00028887]]},
{"timestamp": 1743933233498, "bids": [[122909000.0, 0.03], [122908000.0, 0.03233785], [122895000.0, 0.00456], [122887000.0, 0.0017367], [122881000.0, 0.01626], [122820000.0, 9.964e-05], [122819000.0, 8.142e-05], [122818000.0, 8.142e-05], [122815000.0, 0.00130277], [122808000.0, 8.142e-05]], "asks": [[122971000.0, 0.05], [122972000.0, 0.02818765], [122975000.0, 0.00132104], [122987000.0, 0.00130045], [122995000.0, 0.00138164], [122997000.0, 0.00121907], [123000000.0, 0.02502682], [123004000.0, 0.0311], [123005000.0, 0.01], [123006000.0, 0.00028887]]},
{"timestamp": 1743933233811, "bids": [[122909000.0, 0.03], [122908000.0, 0.03233785], [122895000.0, 0.00456], [122887000.0, 0.0017367], [122881000.0, 0.01626], [122820000.0, 9.964e-05], [122819000.0, 8.142e-05], [122818000.0, 8.142e-05], [122815000.0, 0.00130277], [122808000.0, 8.142e-05]], "asks": [[122971000.0, 0.05], [122972000.0, 0.02818765], [122975000.0, 0.00132104], [122987000.0, 0.00130045], [122995000.0, 0.00138164], [122997000.0, 0.00121907], [123000000.0, 0.02502682], [123004000.0, 0.0311], [123005000.0, 0.01], [123006000.0, 0.00028887]]},
{"timestamp": 1743933234004, "bids": [[122909000.0, 0.03], [122908000.0, 0.03233785], [122895000.0, 0.00456], [122887000.0, 0.0017367], [122881000.0, 0.01626], [122820000.0, 9.964e-05], [122819000.0, 8.142e-05], [122818000.0, 8.142e-05], [122815000.0, 0.00130277], [122808000.0, 8.142e-05]], "asks": [[122971000.0, 0.05], [122972000.0, 0.02818765], [122975000.0, 0.00132104], [122987000.0, 0.00130045], [122995000.0, 0.00138164], [122997000.0, 0.00121907], [123000000.0, 0.02502682], [123004000.0, 0.0311], [123005000.0, 0.01], [123006000.0, 0.00028887]]},
{"timestamp": 1743933234004, "bids": [[122909000.0, 0.03], [122908000.0, 0.03233785], [122895000.0, 0.00456], [122887000.0, 0.0017367], [122881000.0, 0.01626], [122820000.0, 9.964e-05], [122819000.0, 8.142e-05], [122818000.0, 8.142e-05], [122815000.0, 0.00130277], [122808000.0, 8.142e-05]], "asks": [[122971000.0, 0.05], [122972000.0, 0.02818765], [122975000.0, 0.00132104], [122987000.0, 0.00130045], [122995000.0, 0.00138164], [122997000.0, 0.00121907], [123000000.0, 0.02502682], [123004000.0, 0.0311], [123005000.0, 0.01], [123006000.0, 0.00028887]]},
{"timestamp": 1743933234482, "bids": [[122909000.0, 0.03], [122908000.0, 0.03233785], [122895000.0, 0.00456], [122887000.0, 0.0017367], [122881000.0, 0.01626], [122820000.0, 9.964e-05], [122819000.0, 8.142e-05], [122818000.0, 8.142e-05], [122815000.0, 0.00130277], [122808000.0, 8.142e-05]], "asks": [[122971000.0, 0.05], [122972000.0, 0.02818765], [122975000.0, 0.00132104], [122987000.0, 0.00130045], [122995000.0, 0.00138164], [122997000.0, 0.00121907], [123000000.0, 0.02502682], [123004000.0, 0.0311], [123005000.0, 0.01], [123006000.0, 0.00028887]]},
{"timestamp": 1743933235416, "bids": [[122909000.0, 0.03], [122908000.0, 0.03233785], [122895000.0, 0.00456], [122887000.0, 0.0017367], [122881000.0, 0.01626], [122820000.0, 9.964e-05], [122819000.0, 8.142e-05], [122818000.0, 8.142e-05], [122815000.0, 0.00130277], [122808000.0, 8.142e-05]], "asks": [[122971000.0, 0.05], [122972000.0, 0.02818765], [122975000.0, 0.00132104], [122987000.0, 0.00130045], [122995000.0, 0.00138164], [122997000.0, 0.00121907], [123000000.0, 0.02502682], [123004000.0, 0.0311], [123005000.0, 0.01], [123006000.0, 0.00028887]]},
{"timestamp": 1743933235661, "bids": [[122909000.0, 0.03], [122908000.0, 0.03233785], [122895000.0, 0.00456], [122887000.0, 0.0017367], [122881000.0, 0.01626], [122820000.0, 9.964e-05], [122819000.0, 8.142e-05], [122818000.0, 8.142e-05], [122815000.0, 0.00130277], [122808000.0, 8.142e-05]], "asks": [[122971000.0, 0.05], [122972000.0, 0.02818765], [122975000.0, 0.00132104], [122987000.0, 0.00130045], [122995000.0, 0.00138164], [122997000.0, 0.00121907], [123000000.0, 0.02502682], [123004000.0, 0.0311], [123005000.0, 0.01], [123006000.0, 0.00028887]]},
{"timestamp": 1743933235661, "bids": [[122909000.0, 0.03], [122908000.0, 0.03233785], [122895000.0, 0.00456], [122887000.0, 0.0017367], [122881000.0, 0.01626], [122820000.0, 9.964e-05], [122819000.0, 8.142e-05], [122818000.0, 8.142e-05], [122815000.0, 0.00130277], [122808000.0, 8.142e-05]], "asks": [[122971000.0, 0.05], [122972000.0, 0.02818765], [122975000.0, 0.00132104], [122987000.0, 0.00130045], [122995000.0, 0.00138164], [122997000.0, 0.00121907], [123000000.0, 0.02502682], [123004000.0, 0.0311], [123005000.0, 0.01], [123006000.0, 0.00028887]]},
{"timestamp": 1743933236360, "bids": [[122909000.0, 0.03], [122908000.0, 0.03233785], [122895000.0, 0.00456], [122887000.0, 0.0017367], [122881000.0, 0.01626], [122820000.0, 9.964e-05], [122819000.0, 8.142e-05], [122818000.0, 8.142e-05], [122815000.0, 0.00130277], [122808000.0, 8.142e-05]], "asks": [[122971000.0, 0.05], [122972000.0, 0.02818765], [122975000.0, 0.00132104], [122987000.0, 0.00130045], [122995000.0, 0.00138164], [122997000.0, 0.00121907], [123000000.0, 0.02502682], [123004000.0, 0.0311], [123005000.0, 0.01], [123006000.0, 0.00028887]]},
{"timestamp": 1743933236592, "bids": [[122909000.0, 0.03], [122908000.0, 0.03233785], [122895000.0, 0.00456], [122887000.0, 0.0017367], [122881000.0, 0.01626], [122820000.0, 9.964e-05], [122819000.0, 8.142e-05], [122818000.0, 8.142e-05], [122815000.0, 0.00130277], [122808000.0, 8.142e-05]], "asks": [[122971000.0, 0.05], [122972000.0, 0.02818765], [122975000.0, 0.00132104], [122987000.0, 0.00130045], [122995000.0, 0.00138164], [122997000.0, 0.00121907], [123000000.0, 0.02502682], [123004000.0, 0.0311], [123005000.0, 0.01], [123006000.0, 0.00028887]]},
{"timestamp": 1743933237684, "bids": [[122909000.0, 0.03], [122908000.0, 0.03233785], [122887000.0, 0.0017367], [122881000.0, 0.01626], [122820000.0, 9.964e-05], [122819000.0, 8.142e-05], [122818000.0, 8.142e-05], [122815000.0, 0.00130277], [122808000.0, 8.142e-05], [122806000.0, 8.142e-05]], "asks": [[122971000.0, 0.05], [122972000.0, 0.02818765], [122975000.0, 0.00132104], [122987000.0, 0.00130045], [122995000.0, 0.00138164], [122997000.0, 0.00121907], [123000000.0, 0.02502682], [123004000.0, 0.0311], [123005000.0, 0.01], [123006000.0, 0.00028887]]},
{"timestamp": 1743933238444, "bids": [[122909000.0, 0.03], [122908000.0, 0.03233785], [122887000.0, 0.0017367], [122881000.0, 0.01626], [122820000.0, 9.964e-05], [122819000.0, 8.142e-05], [122818000.0, 8.142e-05], [122815000.0, 0.00130277], [122808000.0, 8.142e-05], [122806000.0, 8.142e-05]], "asks": [[122971000.0, 0.05], [122972000.0, 0.02818765], [122975000.0, 0.00132104], [122987000.0, 0.00130045], [122995000.0, 0.00138164], [122997000.0, 0.00121907], [123000000.0, 0.02502682], [123004000.0, 0.0311], [123005000.0, 0.01], [123006000.0, 0.00028887]]},
{"timestamp": 1743933238643, "bids": [[122909000.0, 0.03], [122908000.0, 0.03233785], [122887000.0, 0.0017367], [122881000.0, 0.01626], [122820000.0, 9.964e-05], [122819000.0, 8.142e-05], [122818000.0, 8.142e-05], [122815000.0, 0.00130277], [122808000.0, 8.142e-05], [122806000.0, 8.142e-05]], "asks": [[122971000.0, 0.05], [122972000.0, 0.02818765], [122975000.0, 0.00132104], [122987000.0, 0.00130045], [122995000.0, 0.00138164], [122997000.0, 0.00121907], [123000000.0, 0.02502682], [123004000.0, 0.0311], [123005000.0, 0.01], [123006000.0, 0.00028887]]},
{"timestamp": 1743933238802, "bids": [[122909000.0, 0.03], [122908000.0, 0.03233785], [122903000.0, 0.0051], [122887000.0, 0.0017367], [122881000.0, 0.01626], [122820000.0, 9.964e-05], [122819000.0, 8.142e-05], [122818000.0, 8.142e-05], [122815000.0, 0.00130277], [122808000.0, 8.142e-05]], "asks": [[122971000.0, 0.05], [122972000.0, 0.02818765], [122975000.0, 0.00132104], [122987000.0, 0.00130045], [122995000.0, 0.00138164], [122997000.0, 0.00121907], [123000000.0, 0.02502682], [123004000.0, 0.0311], [123005000.0, 0.01], [123006000.0, 0.00028887]]},
{"timestamp": 1743933239021, "bids": [[122909000.0, 0.03], [122908000.0, 0.03233785], [122903000.0, 0.0051], [122887000.0, 0.0017367], [122881000.0, 0.01626], [122820000.0, 9.964e-05], [122819000.0, 8.142e-05], [122818000.0, 8.142e-05], [122815000.0, 0.00130277], [122808000.0, 8.142e-05]], "asks": [[122971000.0, 0.05], [122972000.0, 0.02818765], [122975000.0, 0.00132104], [122987000.0, 0.00130045], [122995000.0, 0.00138164], [122997000.0, 0.00121907], [123000000.0, 0.02502682], [123004000.0, 0.0311], [123005000.0, 0.01], [123006000.0, 0.00028887]]},
{"timestamp": 1743933240041, "bids": [[122909000.0, 0.03], [122908000.0, 0.03233785], [122903000.0, 0.0051], [122887000.0, 0.0017367], [122881000.0, 0.01626], [122820000.0, 9.964e-05], [122819000.0, 8.142e-05], [122818000.0, 8.142e-05], [122815000.0, 0.00130277], [122808000.0, 8.142e-05]], "asks": [[122971000.0, 0.05], [122972000.0, 0.02818765], [122975000.0, 0.00132104], [122987000.0, 0.00130045], [122995000.0, 0.00138164], [122997000.0, 0.00121907], [123000000.0, 0.02502682], [123004000.0, 0.0311], [123005000.0, 0.01], [123006000.0, 0.00028887]]},
{"timestamp": 1743933240208, "bids": [[122909000.0, 0.03], [122908000.0, 0.03233785], [122887000.0, 0.0017367], [122881000.0, 0.01626], [122820000.0, 9.964e-05], [122819000.0, 8.142e-05], [122818000.0, 8.142e-05], [122815000.0, 0.00130277], [122808000.0, 8.142e-05], [122806000.0, 8.142e-05]], "asks": [[122971000.0, 0.05], [122972000.0, 0.02818765], [122975000.0, 0.00132104], [122987000.0, 0.00130045], [122995000.0, 0.00138164], [122997000.0, 0.00121907], [123000000.0, 0.02502682], [123004000.0, 0.0311], [123005000.0, 0.01], [123006000.0, 0.00028887]]},
{"timestamp": 1743933240660, "bids": [[122909000.0, 0.03], [122908000.0, 0.03233785], [122887000.0, 0.0017367], [122881000.0, 0.01626], [122820000.0, 9.964e-05], [122819000.0, 8.142e-05], [122818000.0, 8.142e-05], [122815000.0, 0.00130277], [122808000.0, 8.142e-05], [122806000.0, 8.142e-05]], "asks": [[122971000.0, 0.05], [122972000.0, 0.02818765], [122975000.0, 0.00132104], [122987000.0, 0.00130045], [122995000.0, 0.00138164], [122997000.0, 0.00121907], [123000000.0, 0.02502682], [123004000.0, 0.0311], [123005000.0, 0.01], [123006000.0, 0.00028887]]},
{"timestamp": 1743933240660, "bids": [[122909000.0, 0.03], [122908000.0, 0.03233785], [122887000.0, 0.0017367], [122881000.0, 0.01626], [122820000.0, 9.964e-05], [122819000.0, 8.142e-05], [122818000.0, 8.142e-05], [122815000.0, 0.00130277], [122808000.0, 8.142e-05], [122806000.0, 8.142e-05]], "asks": [[122971000.0, 0.05], [122972000.0, 0.02818765], [122975000.0, 0.00132104], [122987000.0, 0.00130045], [122995000.0, 0.00138164], [122997000.0, 0.00121907], [123000000.0, 0.02502682], [123004000.0, 0.0311], [123005000.0, 0.01], [123006000.0, 0.00028887]]},
{"timestamp": 1743933241903, "bids": [[122909000.0, 0.03], [122908000.0, 0.03233785], [122887000.0, 0.0017367], [122881000.0, 0.01626], [122820000.0, 9.964e-05], [122819000.0, 8.142e-05], [122818000.0, 8.142e-05], [122815000.0, 0.00130277], [122808000.0, 8.142e-05], [122806000.0, 8.142e-05]], "asks": [[122971000.0, 0.05], [122972000.0, 0.02818765], [122975000.0, 0.00132104], [122987000.0, 0.00130045], [122995000.0, 0.00138164], [122997000.0, 0.00121907], [123000000.0, 0.02502682], [123004000.0, 0.0311], [123005000.0, 0.01], [123006000.0, 0.00028887]]},
{"timestamp": 1743933242112, "bids": [[122909000.0, 0.03], [122908000.0, 0.03233785], [122887000.0, 0.0017367], [122881000.0, 0.01626], [122820000.0, 9.964e-05], [122819000.0, 8.142e-05], [122818000.0, 8.142e-05], [122815000.0, 0.00130277], [122808000.0, 8.142e-05], [122806000.0, 8.142e-05]], "asks": [[122971000.0, 0.05], [122972000.0, 0.02818765], [122975000.0, 0.00132104], [122987000.0, 0.00130045], [122995000.0, 0.00138164], [122997000.0, 0.00121907], [123000000.0, 0.02502682], [123004000.0, 0.0311], [123005000.0, 0.01], [123006000.0, 0.00028887]]},
{"timestamp": 1743933242753, "bids": [[122909000.0, 0.03], [122908000.0, 0.03233785], [122887000.0, 0.0017367], [122881000.0, 0.01626], [122820000.0, 9.964e-05], [122819000.0, 8.142e-05], [122818000.0, 8.142e-05], [122815000.0, 0.00130277], [122808000.0, 8.142e-05], [122806000.0, 8.142e-05]], "asks": [[122971000.0, 0.05], [122972000.0, 0.02818765], [122975000.0, 0.00132104], [122987000.0, 0.00130045], [122995000.0, 0.00138164], [122997000.0, 0.00121907], [123000000.0, 0.02502682], [123004000.0, 0.0311], [123005000.0, 0.01], [123006000.0, 0.00028887]]},
{"timestamp": 1743933243173, "bids": [[122909000.0, 0.03], [122908000.0, 0.03233785], [122887000.0, 0.0017367], [122881000.0, 0.01626], [122820000.0, 9.964e-05], [122819000.0, 8.142e-05], [122818000.0, 8.142e-05], [122815000.0, 0.00130277], [122808000.0, 8.142e-05], [122806000.0, 8.142e-05]], "asks": [[122971000.0, 0.05], [122972000.0, 0.02818765], [122975000.0, 0.00132104], [122987000.0, 0.00130045], [122995000.0, 0.00138164], [122997000.0, 0.00121907], [123000000.0, 0.02502682], [123004000.0, 0.0311], [123005000.0, 0.01], [123006000.0, 0.00028887]]},
{"timestamp": 1743933243302, "bids": [[122909000.0, 0.03], [122908000.0, 0.03233785], [122887000.0, 0.0017367], [122881000.0, 0.01626], [122820000.0, 9.964e-05], [122819000.0, 8.142e-05], [122818000.0, 8.142e-05], [122815000.0, 0.00130277], [122808000.0, 8.142e-05], [122806000.0, 8.142e-05]], "asks": [[122971000.0, 0.05], [122972000.0, 0.02818765], [122975000.0, 0.00132104], [122987000.0, 0.00130045], [122995000.0, 0.00138164], [122997000.0, 0.00121907], [123000000.0, 0.02502682], [123004000.0, 0.0311], [123005000.0, 0.01], [123006000.0, 0.00028887]]},
{"timestamp": 1743933243302, "bids": [[122909000.0, 0.03], [122908000.0, 0.03233785], [122887000.0, 0.0017367], [122881000.0, 0.01626], [122820000.0, 9.964e-05], [122819000.0, 8.142e-05], [122818000.0, 8.142e-05], [122815000.0, 0.00130277], [122808000.0, 8.142e-05], [122806000.0, 8.142e-05]], "asks": [[122971000.0, 0.05], [122972000.0, 0.02818765], [122975000.0, 0.00132104], [122987000.0, 0.00130045], [122995000.0, 0.00138164], [122997000.0, 0.00121907], [123000000.0, 0.02502682], [123004000.0, 0.0311], [123005000.0, 0.01], [123006000.0, 0.00028887]]},
{"timestamp": 1743933243709, "bids": [[122909000.0, 0.03], [122908000.0, 0.03233785], [122887000.0, 0.0017367], [122881000.0, 0.01626], [122820000.0, 9.964e-05], [122819000.0, 8.142e-05], [122818000.0, 8.142e-05], [122815000.0, 0.00130277], [122808000.0, 8.142e-05], [122806000.0, 8.142e-05]], "asks": [[122971000.0, 0.05], [122972000.0, 0.02818765], [122975000.0, 0.00132104], [122987000.0, 0.00130045], [122995000.0, 0.00138164], [122997000.0, 0.00121907], [123000000.0, 0.02502682], [123004000.0, 0.0311], [123005000.0, 0.01], [123006000.0, 0.00028887]]},
{"timestamp": 1743933244362, "bids": [[122909000.0, 0.03], [122908000.0, 0.03233785], [122887000.0, 0.0017367], [122881000.0, 0.01626], [122820000.0, 9.964e-05], [122819000.0, 8.142e-05], [122818000.0, 8.142e-05], [122815000.0, 0.00130277], [122808000.0, 8.142e-05], [122806000.0, 8.142e-05]], "asks": [[122971000.0, 0.05], [122972000.0, 0.02818765], [122975000.0, 0.00132104], [122987000.0, 0.00130045], [122995000.0, 0.00138164], [122997000.0, 0.00121907], [123000000.0, 0.02502682], [123004000.0, 0.0311], [123005000.0, 0.01], [123006000.0, 0.00028887]]},
{"timestamp": 1743933244511, "bids": [[122909000.0, 0.03], [122908000.0, 0.03233785], [122887000.0, 0.0017367], [122881000.0, 0.01626], [122820000.0, 9.964e-05], [122819000.0, 8.142e-05], [122818000.0, 8.142e-05], [122815000.0, 0.00130277], [122808000.0, 8.142e-05], [122806000.0, 8.142e-05]], "asks": [[122971000.0, 0.05], [122972000.0, 0.02818765], [122975000.0, 0.00132104], [122987000.0, 0.00130045], [122995000.0, 0.00138164], [122997000.0, 0.00121907], [123000000.0, 0.02502682], [123004000.0, 0.0311], [123005000.0, 0.01], [123006000.0, 0.00028887]]},
{"timestamp": 1743933244950, "bids": [[122909000.0, 0.03], [122908000.0, 0.03233785], [122895000.0, 0.00468], [122887000.0, 0.0017367], [122881000.0, 0.01626], [122820000.0, 9.964e-05], [122819000.0, 8.142e-05], [122818000.0, 8.142e-05], [122815000.0, 0.00130277], [122808000.0, 8.142e-05]], "asks": [[122971000.0, 0.05], [122972000.0, 0.02818765], [122975000.0, 0.00132104], [122987000.0, 0.00130045], [122995000.0, 0.00138164], [122997000.0, 0.00121907], [123000000.0, 0.02502682], [123004000.0, 0.0311], [123005000.0, 0.01], [123006000.0, 0.00028887]]},
{"timestamp": 1743933245347, "bids": [[122909000.0, 0.03], [122908000.0, 0.03233785], [122895000.0, 0.00468], [122887000.0, 0.0017367], [122881000.0, 0.01626], [122820000.0, 9.964e-05], [122819000.0, 8.142e-05], [122818000.0, 8.142e-05], [122815000.0, 0.00130277], [122808000.0, 8.142e-05]], "asks": [[122971000.0, 0.05], [122972000.0, 0.02818765], [122975000.0, 0.00132104], [122987000.0, 0.00130045], [122995000.0, 0.00138164], [122997000.0, 0.00121907], [123000000.0, 0.02502682], [123004000.0, 0.0311], [123005000.0, 0.01], [123006000.0, 0.00028887]]},
{"timestamp": 1743933246128, "bids": [[122909000.0, 0.03], [122908000.0, 0.03233785], [122895000.0, 0.00468], [122887000.0, 0.0017367], [122881000.0, 0.01626], [122820000.0, 9.964e-05], [122819000.0, 8.142e-05], [122818000.0, 8.142e-05], [122815000.0, 0.00130277], [122808000.0, 8.142e-05]], "asks": [[122971000.0, 0.05], [122972000.0, 0.02818765], [122975000.0, 0.00132104], [122987000.0, 0.00130045], [122995000.0, 0.00138164], [122997000.0, 0.00121907], [123000000.0, 0.02502682], [123004000.0, 0.0311], [123005000.0, 0.01], [123006000.0, 0.00028887]]},
{"timestamp": 1743933246128, "bids": [[122909000.0, 0.03], [122908000.0, 0.03233785], [122895000.0, 0.00468], [122887000.0, 0.0017367], [122881000.0, 0.01626], [122820000.0, 9.964e-05], [122819000.0, 8.142e-05], [122818000.0, 8.142e-05], [122815000.0, 0.00130277], [122808000.0, 8.142e-05]], "asks": [[122971000.0, 0.05], [122972000.0, 0.02818765], [122975000.0, 0.00132104], [122987000.0, 0.00130045], [122995000.0, 0.00138164], [122997000.0, 0.00121907], [123000000.0, 0.02502682], [123004000.0, 0.0311], [123005000.0, 0.01], [123006000.0, 0.00028887]]},
{"timestamp": 1743933246582, "bids": [[122909000.0, 0.03], [122908000.0, 0.03233785], [122895000.0, 0.00468], [122887000.0, 0.0017367], [122881000.0, 0.01626], [122820000.0, 9.964e-05], [122819000.0, 8.142e-05], [122818000.0, 8.142e-05], [122815000.0, 0.00130277], [122808000.0, 8.142e-05]], "asks": [[122971000.0, 0.05], [122972000.0, 0.02818765], [122975000.0, 0.00132104], [122987000.0, 0.00130045], [122995000.0, 0.00138164], [122997000.0, 0.00121907], [123000000.0, 0.02502682], [123004000.0, 0.0311], [123005000.0, 0.01], [123006000.0, 0.00028887]]},
{"timestamp": 1743933248354, "bids": [[122909000.0, 0.03], [122908000.0, 0.03233785], [122895000.0, 0.00468], [122887000.0, 0.0017367], [122881000.0, 0.01626], [122820000.0, 9.964e-05], [122819000.0, 8.142e-05], [122818000.0, 8.142e-05], [122815000.0, 0.00130277], [122808000.0, 8.142e-05]], "asks": [[122971000.0, 0.05], [122972000.0, 0.02818765], [122975000.0, 0.00132104], [122987000.0, 0.00130045], [122995000.0, 0.00138164], [122997000.0, 0.00121907], [123000000.0, 0.02502682], [123004000.0, 0.0311], [123005000.0, 0.01], [123006000.0, 0.00028887]]},
{"timestamp": 1743933248782, "bids": [[122909000.0, 0.03], [122908000.0, 0.03233785], [122895000.0, 0.00468], [122887000.0, 0.0017367], [122881000.0, 0.01626], [122820000.0, 9.964e-05], [122819000.0, 8.142e-05], [122818000.0, 8.142e-05], [122815000.0, 0.00130277], [122808000.0, 8.142e-05]], "asks": [[122971000.0, 0.05], [122972000.0, 0.02818765], [122975000.0, 0.00132104], [122987000.0, 0.00130045], [122995000.0, 0.00138164], [122997000.0, 0.00121907], [123000000.0, 0.02502682], [123004000.0, 0.0311], [123005000.0, 0.01], [123006000.0, 0.00028887]]},
{"timestamp": 1743933248919, "bids": [[122909000.0, 0.03], [122908000.0, 0.03233785], [122895000.0, 0.00468], [122887000.0, 0.0017367], [122881000.0, 0.01626], [122820000.0, 9.964e-05], [122819000.0, 8.142e-05], [122818000.0, 8.142e-05], [122815000.0, 0.00130277], [122808000.0, 8.142e-05]], "asks": [[122971000.0, 0.05], [122972000.0, 0.02818765], [122975000.0, 0.00132104], [122987000.0, 0.00130045], [122995000.0, 0.00138164], [122997000.0, 0.00121907], [123000000.0, 0.02502682], [123004000.0, 0.0311], [123005000.0, 0.01], [123006000.0, 0.00028887]]},
{"timestamp": 1743933248919, "bids": [[122909000.0, 0.03], [122908000.0, 0.03233785], [122895000.0, 0.00468], [122887000.0, 0.0017367], [122881000.0, 0.01626], [122820000.0, 9.964e-05], [122819000.0, 8.142e-05], [122818000.0, 8.142e-05], [122815000.0, 0.00130277], [122808000.0, 8.142e-05]], "asks": [[122971000.0, 0.05], [122972000.0, 0.02818765], [122975000.0, 0.00132104], [122987000.0, 0.00130045], [122995000.0, 0.00138164], [122997000.0, 0.00121907], [123000000.0, 0.02502682], [123004000.0, 0.0311], [123005000.0, 0.01], [123006000.0, 0.00028887]]},
{"timestamp": 1743933249353, "bids": [[122909000.0, 0.03], [122908000.0, 0.03233785], [122895000.0, 0.00468], [122887000.0, 0.0017367], [122881000.0, 0.01626], [122820000.0, 9.964e-05], [122819000.0, 8.142e-05], [122818000.0, 8.142e-05], [122815000.0, 0.00130277], [122808000.0, 8.142e-05]], "asks": [[122971000.0, 0.05], [122972000.0, 0.02818765], [122975000.0, 0.00132104], [122987000.0, 0.00130045], [122995000.0, 0.00138164], [122997000.0, 0.00121907], [123000000.0, 0.02502682], [123004000.0, 0.0311], [123005000.0, 0.01], [123006000.0, 0.00028887]]},
{"timestamp": 1743933249906, "bids": [[122909000.0, 0.03], [122908000.0, 0.03233785], [122895000.0, 0.00468], [122887000.0, 0.0017367], [122881000.0, 0.01626], [122820000.0, 9.964e-05], [122819000.0, 8.142e-05], [122818000.0, 8.142e-05], [122815000.0, 0.00130277], [122808000.0, 8.142e-05]], "asks": [[122971000.0, 0.05], [122972000.0, 0.02818765], [122975000.0, 0.00132104], [122987000.0, 0.00130045], [122995000.0, 0.00138164], [122997000.0, 0.00121907], [123000000.0, 0.02502682], [123004000.0, 0.0311], [123005000.0, 0.01], [123006000.0, 0.00028887]]},
{"timestamp": 1743933250365, "bids": [[122909000.0, 0.03], [122908000.0, 0.03233785], [122895000.0, 0.00468], [122887000.0, 0.0017367], [122881000.0, 0.01626], [122820000.0, 9.964e-05], [122819000.0, 8.142e-05], [122818000.0, 8.142e-05], [122815000.0, 0.00130277], [122808000.0, 8.142e-05]], "asks": [[122971000.0, 0.05], [122972000.0, 0.02818765], [122975000.0, 0.00132104], [122987000.0, 0.00130045], [122995000.0, 0.00138164], [122997000.0, 0.00121907], [123000000.0, 0.02502682], [123004000.0, 0.0311], [123005000.0, 0.01], [123006000.0, 0.00028887]]},
{"timestamp": 1743933252117, "bids": [[122909000.0, 0.03], [122908000.0, 0.03233785], [122895000.0, 0.00468], [122887000.0, 0.0017367], [122881000.0, 0.01626], [122820000.0, 9.964e-05], [122819000.0, 8.142e-05], [122818000.0, 8.142e-05], [122815000.0, 0.00130277], [122808000.0, 8.142e-05]], "asks": [[122971000.0, 0.05], [122972000.0, 0.02818765], [122975000.0, 0.00132104], [122987000.0, 0.00130045], [122995000.0, 0.00138164], [122997000.0, 0.00121907], [123000000.0, 0.02502682], [123004000.0, 0.0311], [123005000.0, 0.01], [123006000.0, 0.00028887]]},
{"timestamp": 1743933252380, "bids": [[122909000.0, 0.03], [122908000.0, 0.03233785], [122895000.0, 0.00468], [122887000.0, 0.0017367], [122881000.0, 0.01626], [122820000.0, 9.964e-05], [122819000.0, 8.142e-05], [122818000.0, 8.142e-05], [122815000.0, 0.00130277], [122808000.0, 8.142e-05]], "asks": [[122971000.0, 0.05], [122972000.0, 0.02818765], [122975000.0, 0.00132104], [122987000.0, 0.00130045], [122995000.0, 0.00138164], [122997000.0, 0.00121907], [123000000.0, 0.02502682], [123004000.0, 0.0311], [123005000.0, 0.01], [123006000.0, 0.00028887]]},
{"timestamp": 1743933253004, "bids": [[122909000.0, 0.03], [122908000.0, 0.03233785], [122895000.0, 0.00468], [122887000.0, 0.0017367], [122881000.0, 0.01626], [122820000.0, 9.964e-05], [122819000.0, 8.142e-05], [122818000.0, 8.142e-05], [122815000.0, 0.00130277], [122808000.0, 8.142e-05]], "asks": [[122971000.0, 0.05], [122972000.0, 0.02818765], [122975000.0, 0.00132104], [122987000.0, 0.00130045], [122995000.0, 0.00138164], [122997000.0, 0.00121907], [123000000.0, 0.02502682], [123004000.0, 0.0311], [123005000.0, 0.01], [123006000.0, 0.00028887]]},
{"timestamp": 1743933253004, "bids": [[122909000.0, 0.03], [122908000.0, 0.03233785], [122895000.0, 0.00468], [122887000.0, 0.0017367], [122881000.0, 0.01626], [122820000.0, 9.964e-05], [122819000.0, 8.142e-05], [122818000.0, 8.142e-05], [122815000.0, 0.00130277], [122808000.0, 8.142e-05]], "asks": [[122971000.0, 0.05], [122972000.0, 0.02818765], [122975000.0, 0.00132104], [122987000.0, 0.00130045], [122995000.0, 0.00138164], [122997000.0, 0.00121907], [123000000.0, 0.02502682], [123004000.0, 0.0311], [123005000.0, 0.01], [123006000.0, 0.00028887]]},
{"timestamp": 1743933253303, "bids": [[122909000.0, 0.03], [122908000.0, 0.03233785], [122895000.0, 0.00468], [122887000.0, 0.0017367], [122881000.0, 0.01626], [122820000.0, 9.964e-05], [122819000.0, 8.142e-05], [122818000.0, 8.142e-05], [122815000.0, 0.00130277], [122808000.0, 8.142e-05]], "asks": [[122971000.0, 0.05], [122972000.0, 0.02818765], [122975000.0, 0.00132104], [122987000.0, 0.00130045], [122995000.0, 0.00138164], [122997000.0, 0.00121907], [123000000.0, 0.02502682], [123004000.0, 0.0311], [123005000.0, 0.01], [123006000.0, 0.00028887]]},
{"timestamp": 1743933253516, "bids": [[122909000.0, 0.03], [122908000.0, 0.03233785], [122895000.0, 0.00468], [122887000.0, 0.0017367], [122881000.0, 0.01626], [122820000.0, 9.964e-05], [122819000.0, 8.142e-05], [122818000.0, 8.142e-05], [122815000.0, 0.00130277], [122808000.0, 8.142e-05]], "asks": [[122971000.0, 0.05], [122972000.0, 0.02818765], [122975000.0, 0.00132104], [122987000.0, 0.00130045], [122995000.0, 0.00138164], [122997000.0, 0.00121907], [123000000.0, 0.02502682], [123004000.0, 0.0311], [123005000.0, 0.01], [123006000.0, 0.00028887]]},
{"timestamp": 1743933253798, "bids": [[122909000.0, 0.03], [122908000.0, 0.03233785], [122895000.0, 0.00468], [122887000.0, 0.0017367], [122881000.0, 0.01626], [122820000.0, 9.964e-05], [122819000.0, 8.142e-05], [122818000.0, 8.142e-05], [122815000.0, 0.00130277], [122808000.0, 8.142e-05]], "asks": [[122971000.0, 0.05], [122972000.0, 0.02818765], [122975000.0, 0.00132104], [122987000.0, 0.00130045], [122995000.0, 0.00138164], [122997000.0, 0.00121907], [123000000.0, 0.02502682], [123004000.0, 0.0311], [123005000.0, 0.01], [123006000.0, 0.00028887]]},
{"timestamp": 1743933254768, "bids": [[122909000.0, 0.03], [122908000.0, 0.03233785], [122895000.0, 0.00468], [122887000.0, 0.0017367], [122881000.0, 0.01626], [122820000.0, 9.964e-05], [122819000.0, 8.142e-05], [122818000.0, 8.142e-05], [122815000.0, 0.00130277], [122808000.0, 8.142e-05]], "asks": [[122971000.0, 0.05], [122972000.0, 0.02818765], [122975000.0, 0.00132104], [122987000.0, 0.00130045], [122995000.0, 0.00138164], [122997000.0, 0.00121907], [123000000.0, 0.02502682], [123004000.0, 0.0311], [123005000.0, 0.01], [123006000.0, 0.00028887]]},
{"timestamp": 1743933254941, "bids": [[122909000.0, 0.03], [122908000.0, 0.03233785], [122895000.0, 0.00468], [122887000.0, 0.0017367], [122881000.0, 0.01626], [122820000.0, 9.964e-05], [122819000.0, 8.142e-05], [122818000.0, 8.142e-05], [122815000.0, 0.00130277], [122808000.0, 8.142e-05]], "asks": [[122971000.0, 0.05], [122972000.0, 0.02818765], [122975000.0, 0.00132104], [122987000.0, 0.00130045], [122995000.0, 0.00138164], [122997000.0, 0.00121907], [123000000.0, 0.02502682], [123004000.0, 0.0311], [123005000.0, 0.01], [123006000.0, 0.00028887]]},
{"timestamp": 1743933255188, "bids": [[122909000.0, 0.03], [122908000.0, 0.03233785], [122895000.0, 0.00468], [122887000.0, 0.0017367], [122881000.0, 0.01626], [122820000.0, 9.964e-05], [122819000.0, 8.142e-05], [122818000.0, 8.142e-05], [122815000.0, 0.00130277], [122808000.0, 8.142e-05]], "asks": [[122971000.0, 0.05], [122972000.0, 0.02818765], [122975000.0, 0.00132104], [122987000.0, 0.00130045], [122995000.0, 0.00138164], [122997000.0, 0.00121907], [123000000.0, 0.02502682], [123004000.0, 0.0311], [123005000.0, 0.01], [123006000.0, 0.00028887]]},
{"timestamp": 1743933255484, "bids": [[122909000.0, 0.03], [122908000.0, 0.03233785], [122895000.0, 0.00468], [122887000.0, 0.0017367], [122881000.0, 0.01626], [122820000.0, 9.964e-05], [122819000.0, 8.142e-05], [122818000.0, 8.142e-05], [122815000.0, 0.00130277], [122808000.0, 8.142e-05]], "asks": [[122971000.0, 0.05], [122972000.0, 0.02818765], [122975000.0, 0.00132104], [122987000.0, 0.00130045], [122995000.0, 0.00138164], [122997000.0, 0.00121907], [123000000.0, 0.02502682], [123004000.0, 0.0311], [123005000.0, 0.01], [123006000.0, 0.00028887]]},
{"timestamp": 1743933255668, "bids": [[122909000.0, 0.03], [122908000.0, 0.03233785], [122895000.0, 0.00468], [122887000.0, 0.0017367], [122881000.0, 0.01626], [122820000.0, 9.964e-05], [122819000.0, 8.142e-05], [122818000.0, 8.142e-05], [122815000.0, 0.00130277], [122808000.0, 8.142e-05]], "asks": [[122971000.0, 0.05], [122972000.0, 0.02818765], [122975000.0, 0.00132104], [122987000.0, 0.00130045], [122995000.0, 0.00138164], [122997000.0, 0.00121907], [123000000.0, 0.02502682], [123004000.0, 0.0311], [123005000.0, 0.01], [123006000.0, 0.00028887]]},
{"timestamp": 1743933255668, "bids": [[122909000.0, 0.03], [122908000.0, 0.03233785], [122895000.0, 0.00468], [122887000.0, 0.0017367], [122881000.0, 0.01626], [122820000.0, 9.964e-05], [122819000.0, 8.142e-05], [122818000.0, 8.142e-05], [122815000.0, 0.00130277], [122808000.0, 8.142e-05]], "asks": [[122971000.0, 0.05], [122972000.0, 0.02818765], [122975000.0, 0.00132104], [122987000.0, 0.00130045], [122995000.0, 0.00138164], [122997000.0, 0.00121907], [123000000.0, 0.02502682], [123004000.0, 0.0311], [123005000.0, 0.01], [123006000.0, 0.00028887]]},
{"timestamp": 1743933255803, "bids": [[122909000.0, 0.03], [122908000.0, 0.03233785], [122895000.0, 0.00468], [122887000.0, 0.0017367], [122881000.0, 0.01626], [122820000.0, 9.964e-05], [122819000.0, 8.142e-05], [122818000.0, 8.142e-05], [122815000.0, 0.00130277], [122808000.0, 8.142e-05]], "asks": [[122971000.0, 0.05], [122972000.0, 0.02818765], [122975000.0, 0.00132104], [122987000.0, 0.00130045], [122995000.0, 0.00138164], [122997000.0, 0.00121907], [123000000.0, 0.02502682], [123004000.0, 0.0311], [123005000.0, 0.01], [123006000.0, 0.00028887]]},
{"timestamp": 1743933255803, "bids": [[122909000.0, 0.03], [122908000.0, 0.03233785], [122895000.0, 0.00468], [122887000.0, 0.0017367], [122881000.0, 0.01626], [122820000.0, 9.964e-05], [122819000.0, 8.142e-05], [122818000.0, 8.142e-05], [122815000.0, 0.00130277], [122808000.0, 8.142e-05]], "asks": [[122971000.0, 0.05], [122972000.0, 0.02818765], [122975000.0, 0.00132104], [122987000.0, 0.00130045], [122995000.0, 0.00138164], [122997000.0, 0.00121907], [123000000.0, 0.02502682], [123004000.0, 0.0311], [123005000.0, 0.01], [123006000.0, 0.00028887]]},
{"timestamp": 1743933255803, "bids": [[122909000.0, 0.03], [122908000.0, 0.03233785], [122895000.0, 0.00468], [122887000.0, 0.0017367], [122881000.0, 0.01626], [122820000.0, 9.964e-05], [122819000.0, 8.142e-05], [122818000.0, 8.142e-05], [122815000.0, 0.00130277], [122808000.0, 8.142e-05]], "asks": [[122971000.0, 0.05], [122972000.0, 0.02818765], [122975000.0, 0.00132104], [122987000.0, 0.00130045], [122995000.0, 0.00138164], [122997000.0, 0.00121907], [123000000.0, 0.02502682], [123004000.0, 0.0311], [123005000.0, 0.01], [123006000.0, 0.00028887]]},
{"timestamp": 1743933255803, "bids": [[122909000.0, 0.03], [122908000.0, 0.03233785], [122895000.0, 0.00468], [122887000.0, 0.0017367], [122881000.0, 0.01626], [122820000.0, 9.964e-05], [122819000.0, 8.142e-05], [122818000.0, 8.142e-05], [122815000.0, 0.00130277], [122808000.0, 8.142e-05]], "asks": [[122971000.0, 0.05], [122972000.0, 0.02818765], [122975000.0, 0.00132104], [122987000.0, 0.00130045], [122995000.0, 0.00138164], [122997000.0, 0.00121907], [123000000.0, 0.02502682], [123004000.0, 0.0311], [123005000.0, 0.01], [123006000.0, 0.00028887]]},
{"timestamp": 1743933256066, "bids": [[122909000.0, 0.03], [122908000.0, 0.03233785], [122895000.0, 0.00468], [122887000.0, 0.0017367], [122881000.0, 0.01626], [122820000.0, 9.964e-05], [122819000.0, 8.142e-05], [122818000.0, 8.142e-05], [122815000.0, 0.00130277], [122808000.0, 8.142e-05]], "asks": [[122971000.0, 0.05], [122972000.0, 0.02818765], [122975000.0, 0.00132104], [122987000.0, 0.00130045], [122995000.0, 0.00138164], [122997000.0, 0.00121907], [123000000.0, 0.02502682], [123004000.0, 0.0311], [123005000.0, 0.01], [123006000.0, 0.00028887]]},
{"timestamp": 1743933257912, "bids": [[122909000.0, 0.03], [122908000.0, 0.03233785], [122895000.0, 0.00468], [122887000.0, 0.0017367], [122881000.0, 0.01626], [122820000.0, 9.964e-05], [122819000.0, 8.142e-05], [122818000.0, 8.142e-05], [122815000.0, 0.00130277], [122808000.0, 8.142e-05]], "asks": [[122971000.0, 0.05], [122972000.0, 0.02818765], [122975000.0, 0.00132104], [122987000.0, 0.00130045], [122995000.0, 0.00138164], [122997000.0, 0.00121907], [123000000.0, 0.02502682], [123004000.0, 0.0311], [123005000.0, 0.01], [123006000.0, 0.00028887]]},
{"timestamp": 1743933258177, "bids": [[122909000.0, 0.03], [122908000.0, 0.03233785], [122895000.0, 0.00468], [122887000.0, 0.0017367], [122881000.0, 0.01626], [122820000.0, 9.964e-05], [122819000.0, 8.142e-05], [122818000.0, 8.142e-05], [122815000.0, 0.00130277], [122808000.0, 8.142e-05]], "asks": [[122971000.0, 0.05], [122972000.0, 0.02818765], [122975000.0, 0.00132104], [122987000.0, 0.00130045], [122995000.0, 0.00138164], [122997000.0, 0.00121907], [123000000.0, 0.02502682], [123004000.0, 0.0311], [123005000.0, 0.01], [123006000.0, 0.00028887]]},
{"timestamp": 1743933258319, "bids": [[122909000.0, 0.03], [122908000.0, 0.03233785], [122895000.0, 0.00468], [122887000.0, 0.0017367], [122881000.0, 0.01626], [122820000.0, 9.964e-05], [122819000.0, 8.142e-05], [122818000.0, 8.142e-05], [122815000.0, 0.00130277], [122808000.0, 8.142e-05]], "asks": [[122971000.0, 0.05], [122972000.0, 0.02818765], [122975000.0, 0.00132104], [122987000.0, 0.00130045], [122995000.0, 0.00138164], [122997000.0, 0.00121907], [123000000.0, 0.02502682], [123004000.0, 0.0311], [123005000.0, 0.01], [123006000.0, 0.00028887]]},
{"timestamp": 1743933259365, "bids": [[122909000.0, 0.03], [122908000.0, 0.03233785], [122895000.0, 0.00468], [122887000.0, 0.0017367], [122881000.0, 0.01626], [122820000.0, 9.964e-05], [122819000.0, 8.142e-05], [122818000.0, 8.142e-05], [122815000.0, 0.00130277], [122808000.0, 8.142e-05]], "asks": [[122971000.0, 0.05], [122972000.0, 0.02818765], [122975000.0, 0.00132104], [122987000.0, 0.00130045], [122995000.0, 0.00138164], [122997000.0, 0.00121907], [123000000.0, 0.02502682], [123004000.0, 0.0311], [123005000.0, 0.01], [123006000.0, 0.00028887]]},
{"timestamp": 1743933259547, "bids": [[122909000.0, 0.03], [122908000.0, 0.03233785], [122895000.0, 0.00468], [122887000.0, 0.0017367], [122881000.0, 0.01626], [122820000.0, 9.964e-05], [122819000.0, 8.142e-05], [122818000.0, 8.142e-05], [122815000.0, 0.00130277], [122808000.0, 8.142e-05]], "asks": [[122971000.0, 0.05], [122972000.0, 0.02818765], [122975000.0, 0.00132104], [122987000.0, 0.00130045], [122995000.0, 0.00138164], [122997000.0, 0.00121907], [123000000.0, 0.02502682], [123004000.0, 0.0311], [123005000.0, 0.01], [123006000.0, 0.00028887]]},
{"timestamp": 1743933263092, "bids": [[122909000.0, 0.03], [122908000.0, 0.03233785], [122895000.0, 0.00468], [122887000.0, 0.0017367], [122881000.0, 0.01626], [122819000.0, 8.142e-05], [122818000.0, 8.142e-05], [122815000.0, 0.00130277], [122808000.0, 8.142e-05], [122806000.0, 8.142e-05]], "asks": [[122971000.0, 0.05], [122972000.0, 0.02818765], [122975000.0, 0.00132104], [122987000.0, 0.00130045], [122995000.0, 0.00138164], [122997000.0, 0.00121907], [123000000.0, 0.02502682], [123004000.0, 0.0311], [123005000.0, 0.01], [123006000.0, 0.00028887]]},
{"timestamp": 1743933263092, "bids": [[122909000.0, 0.03], [122908000.0, 0.03233785], [122895000.0, 0.00468], [122887000.0, 0.0017367], [122881000.0, 0.01626], [122819000.0, 8.142e-05], [122818000.0, 8.142e-05], [122815000.0, 0.00130277], [122808000.0, 8.142e-05], [122806000.0, 8.142e-05]], "asks": [[122971000.0, 0.05], [122972000.0, 0.02818765], [122975000.0, 0.00132104], [122987000.0, 0.00130045], [122995000.0, 0.00138164], [122997000.0, 0.00121907], [123000000.0, 0.02502682], [123004000.0, 0.0311], [123005000.0, 0.01], [123006000.0, 0.00028887]]},
{"timestamp": 1743933263256, "bids": [[122909000.0, 0.03], [122908000.0, 0.03233785], [122895000.0, 0.00468], [122887000.0, 0.0017367], [122881000.0, 0.01626], [122819000.0, 8.142e-05], [122818000.0, 8.142e-05], [122815000.0, 0.00130277], [122809000.0, 0.00532217], [122808000.0, 8.142e-05]], "asks": [[122971000.0, 0.05], [122972000.0, 0.02818765], [122975000.0, 0.00132104], [122987000.0, 0.00130045], [122995000.0, 0.00138164], [122997000.0, 0.00121907], [123000000.0, 0.02502682], [123004000.0, 0.0311], [123005000.0, 0.01], [123006000.0, 0.00028887]]},
{"timestamp": 1743933263256, "bids": [[122909000.0, 0.03], [122908000.0, 0.03233785], [122895000.0, 0.00468], [122887000.0, 0.0017367], [122881000.0, 0.01626], [122819000.0, 8.142e-05], [122818000.0, 8.142e-05], [122815000.0, 0.00130277], [122809000.0, 0.00532217], [122808000.0, 8.142e-05]], "asks": [[122971000.0, 0.05], [122972000.0, 0.02818765], [122975000.0, 0.00132104], [122987000.0, 0.00130045], [122995000.0, 0.00138164], [122997000.0, 0.00121907], [123000000.0, 0.02502682], [123004000.0, 0.0311], [123005000.0, 0.01], [123006000.0, 0.00028887]]},
{"timestamp": 1743933263401, "bids": [[122909000.0, 0.03], [122908000.0, 0.03233785], [122895000.0, 0.00468], [122887000.0, 0.0017367], [122881000.0, 0.01626], [122819000.0, 8.142e-05], [122818000.0, 8.142e-05], [122815000.0, 0.00130277], [122809000.0, 0.00532217], [122808000.0, 8.142e-05]], "asks": [[122971000.0, 0.05], [122972000.0, 0.02818765], [122975000.0, 0.00132104], [122987000.0, 0.00130045], [122995000.0, 0.00138164], [122997000.0, 0.00121907], [123000000.0, 0.02502682], [123004000.0, 0.0311], [123005000.0, 0.01], [123006000.0, 0.00028887]]},
{"timestamp": 1743933263680, "bids": [[122909000.0, 0.03], [122908000.0, 0.03233785], [122895000.0, 0.00468], [122887000.0, 0.0017367], [122881000.0, 0.01626], [122819000.0, 8.142e-05], [122818000.0, 8.142e-05], [122815000.0, 0.00130277], [122809000.0, 0.00532217], [122808000.0, 8.142e-05]], "asks": [[122971000.0, 0.05], [122972000.0, 0.02818765], [122975000.0, 0.00132104], [122987000.0, 0.00130045], [122995000.0, 0.00138164], [122997000.0, 0.00121907], [123000000.0, 0.02502682], [123004000.0, 0.0311], [123005000.0, 0.01], [123006000.0, 0.00028887]]},
{"timestamp": 1743933263808, "bids": [[122909000.0, 0.03], [122908000.0, 0.03233785], [122895000.0, 0.00468], [122887000.0, 0.0017367], [122881000.0, 0.01626], [122819000.0, 8.142e-05], [122818000.0, 8.142e-05], [122815000.0, 0.00130277], [122809000.0, 0.00532217], [122808000.0, 8.142e-05]], "asks": [[122971000.0, 0.05], [122972000.0, 0.02818765], [122975000.0, 0.00132104], [122987000.0, 0.00130045], [122995000.0, 0.00138164], [122997000.0, 0.00121907], [123000000.0, 0.02502682], [123004000.0, 0.0311], [123005000.0, 0.01], [123006000.0, 0.00028887]]},
{"timestamp": 1743933263808, "bids": [[122909000.0, 0.03], [122908000.0, 0.03233785], [122895000.0, 0.00468], [122887000.0, 0.0017367], [122881000.0, 0.01626], [122819000.0, 8.142e-05], [122818000.0, 8.142e-05], [122815000.0, 0.00130277], [122809000.0, 0.00532217], [122808000.0, 8.142e-05]], "asks": [[122971000.0, 0.05], [122972000.0, 0.02818765], [122975000.0, 0.00132104], [122987000.0, 0.00130045], [122995000.0, 0.00138164], [122997000.0, 0.00121907], [123000000.0, 0.02502682], [123004000.0, 0.0311], [123005000.0, 0.01], [123006000.0, 0.00028887]]},
{"timestamp": 1743933265095, "bids": [[122909000.0, 0.03], [122908000.0, 0.03233785], [122895000.0, 0.00468], [122887000.0, 0.0017367], [122881000.0, 0.01626], [122819000.0, 8.142e-05], [122818000.0, 8.142e-05], [122815000.0, 0.00130277], [122809000.0, 0.00532217], [122808000.0, 8.142e-05]], "asks": [[122971000.0, 0.05], [122972000.0, 0.02818765], [122975000.0, 0.00132104], [122987000.0, 0.00130045], [122995000.0, 0.00138164], [122997000.0, 0.00121907], [123000000.0, 0.02502682], [123004000.0, 0.0311], [123005000.0, 0.01], [123006000.0, 0.00028887]]},
{"timestamp": 1743933265232, "bids": [[122909000.0, 0.03], [122908000.0, 0.03233785], [122895000.0, 0.00468], [122887000.0, 0.0017367], [122881000.0, 0.01626], [122819000.0, 8.142e-05], [122818000.0, 8.142e-05], [122815000.0, 0.00130277], [122809000.0, 0.00532217], [122808000.0, 8.142e-05]], "asks": [[122971000.0, 0.05], [122972000.0, 0.02818765], [122975000.0, 0.00132104], [122987000.0, 0.00130045], [122995000.0, 0.00138164], [122997000.0, 0.00121907], [123000000.0, 0.02502682], [123004000.0, 0.0311], [123005000.0, 0.01], [123006000.0, 0.00028887]]},
{"timestamp": 1743933265409, "bids": [[122909000.0, 0.03], [122908000.0, 0.03233785], [122895000.0, 0.00468], [122887000.0, 0.0017367], [122881000.0, 0.01626], [122819000.0, 8.142e-05], [122818000.0, 8.142e-05], [122815000.0, 0.00130277], [122809000.0, 0.00532217], [122808000.0, 8.142e-05]], "asks": [[122971000.0, 0.05], [122972000.0, 0.02818765], [122975000.0, 0.00132104], [122987000.0, 0.00130045], [122995000.0, 0.00138164], [122997000.0, 0.00121907], [123000000.0, 0.02502682], [123004000.0, 0.0311], [123005000.0, 0.01], [123006000.0, 0.00028887]]},
{"timestamp": 1743933265817, "bids": [[122909000.0, 0.03], [122908000.0, 0.03233785], [122895000.0, 0.00468], [122887000.0, 0.0017367], [122881000.0, 0.01626], [122819000.0, 8.142e-05], [122818000.0, 8.142e-05], [122815000.0, 0.00130277], [122809000.0, 0.00532217], [122808000.0, 8.142e-05]], "asks": [[122971000.0, 0.05], [122972000.0, 0.02818765], [122975000.0, 0.00132104], [122987000.0, 0.00130045], [122995000.0, 0.00138164], [122997000.0, 0.00121907], [123000000.0, 0.02502682], [123004000.0, 0.0311], [123005000.0, 0.01], [123006000.0, 0.00028887]]},
{"timestamp": 1743933265817, "bids": [[122909000.0, 0.03], [122908000.0, 0.03233785], [122895000.0, 0.00468], [122887000.0, 0.0017367], [122881000.0, 0.01626], [122819000.0, 8.142e-05], [122818000.0, 8.142e-05], [122815000.0, 0.00130277], [122809000.0, 0.00532217], [122808000.0, 8.142e-05]], "asks": [[122971000.0, 0.05], [122972000.0, 0.02818765], [122975000.0, 0.00132104], [122987000.0, 0.00130045], [122995000.0, 0.00138164], [122997000.0, 0.00121907], [123000000.0, 0.02502682], [123004000.0, 0.0311], [123005000.0, 0.01], [123006000.0, 0.00028887]]},
{"timestamp": 1743933266006, "bids": [[122909000.0, 0.03], [122908000.0, 0.03233785], [122895000.0, 0.00468], [122887000.0, 0.0017367], [122881000.0, 0.01626], [122819000.0, 8.142e-05], [122818000.0, 8.142e-05], [122815000.0, 0.00130277], [122809000.0, 0.00532217], [122808000.0, 8.142e-05]], "asks": [[122971000.0, 0.05], [122972000.0, 0.02818765], [122975000.0, 0.00132104], [122987000.0, 0.00130045], [122995000.0, 0.00138164], [122997000.0, 0.00121907], [123000000.0, 0.02502682], [123004000.0, 0.0311], [123005000.0, 0.01], [123006000.0, 0.00028887]]},
{"timestamp": 1743933266635, "bids": [[122909000.0, 0.03], [122908000.0, 0.03233785], [122895000.0, 0.00468], [122887000.0, 0.0017367], [122881000.0, 0.01626], [122819000.0, 8.142e-05], [122818000.0, 8.142e-05], [122815000.0, 0.00130277], [122809000.0, 0.00532217], [122808000.0, 8.142e-05]], "asks": [[122971000.0, 0.05], [122972000.0, 0.02818765], [122975000.0, 0.00132104], [122987000.0, 0.00130045], [122995000.0, 0.00138164], [122997000.0, 0.00121907], [123000000.0, 0.02502682], [123004000.0, 0.0311], [123005000.0, 0.01], [123006000.0, 0.00028887]]},
{"timestamp": 1743933266836, "bids": [[122909000.0, 0.03], [122908000.0, 0.03233785], [122895000.0, 0.00468], [122887000.0, 0.0017367], [122881000.0, 0.01626], [122819000.0, 8.142e-05], [122818000.0, 8.142e-05], [122815000.0, 0.00130277], [122809000.0, 0.00532217], [122808000.0, 8.142e-05]], "asks": [[122971000.0, 0.05], [122972000.0, 0.02818765], [122975000.0, 0.00132104], [122987000.0, 0.00130045], [122995000.0, 0.00138164], [122997000.0, 0.00121907], [123000000.0, 0.02502682], [123004000.0, 0.0311], [123005000.0, 0.01], [123006000.0, 0.00028887]]},
{"timestamp": 1743933267242, "bids": [[122909000.0, 0.03], [122908000.0, 0.03233785], [122895000.0, 0.00468], [122887000.0, 0.0017367], [122881000.0, 0.01626], [122819000.0, 8.142e-05], [122818000.0, 8.142e-05], [122815000.0, 0.00130277], [122809000.0, 0.00532217], [122808000.0, 8.142e-05]], "asks": [[122971000.0, 0.05], [122972000.0, 0.02818765], [122975000.0, 0.00132104], [122987000.0, 0.00130045], [122995000.0, 0.00138164], [122997000.0, 0.00121907], [123000000.0, 0.02502682], [123004000.0, 0.0311], [123005000.0, 0.01], [123006000.0, 0.00028887]]},
{"timestamp": 1743933267478, "bids": [[122909000.0, 0.03], [122908000.0, 0.03233785], [122895000.0, 0.00468], [122887000.0, 0.0017367], [122881000.0, 0.01626], [122819000.0, 8.142e-05], [122818000.0, 8.142e-05], [122815000.0, 0.00130277], [122809000.0, 0.00532217], [122808000.0, 8.142e-05]], "asks": [[122971000.0, 0.05], [122972000.0, 0.02818765], [122975000.0, 0.00132104], [122987000.0, 0.00130045], [122995000.0, 0.00138164], [122997000.0, 0.00121907], [123000000.0, 0.02502682], [123004000.0, 0.0311], [123005000.0, 0.01], [123006000.0, 0.00028887]]},
{"timestamp": 1743933267790, "bids": [[122909000.0, 0.03], [122908000.0, 0.03233785], [122895000.0, 0.00468], [122887000.0, 0.0017367], [122881000.0, 0.01626], [122819000.0, 8.142e-05], [122818000.0, 8.142e-05], [122815000.0, 0.00130277], [122809000.0, 0.00532217], [122808000.0, 8.142e-05]], "asks": [[122971000.0, 0.05], [122972000.0, 0.02818765], [122975000.0, 0.00132104], [122987000.0, 0.00130045], [122995000.0, 0.00138164], [122997000.0, 0.00121907], [123000000.0, 0.02502682], [123004000.0, 0.0311], [123005000.0, 0.01], [123006000.0, 0.00028887]]},
{"timestamp": 1743933267790, "bids": [[122909000.0, 0.03], [122908000.0, 0.03233785], [122895000.0, 0.00468], [122887000.0, 0.0017367], [122881000.0, 0.01626], [122819000.0, 8.142e-05], [122818000.0, 8.142e-05], [122815000.0, 0.00130277], [122809000.0, 0.00532217], [122808000.0, 8.142e-05]], "asks": [[122971000.0, 0.05], [122972000.0, 0.02818765], [122975000.0, 0.00132104], [122987000.0, 0.00130045], [122995000.0, 0.00138164], [122997000.0, 0.00121907], [123000000.0, 0.02502682], [123004000.0, 0.0311], [123005000.0, 0.01], [123006000.0, 0.00028887]]},
{"timestamp": 1743933267939, "bids": [[122909000.0, 0.03], [122908000.0, 0.03233785], [122895000.0, 0.00468], [122887000.0, 0.0017367], [122881000.0, 0.01626], [122819000.0, 8.142e-05], [122818000.0, 8.142e-05], [122815000.0, 0.00130277], [122809000.0, 0.00532217], [122808000.0, 8.142e-05]], "asks": [[122971000.0, 0.05], [122972000.0, 0.02818765], [122975000.0, 0.00132104], [122987000.0, 0.00130045], [122995000.0, 0.00138164], [122997000.0, 0.00121907], [123000000.0, 0.02502682], [123004000.0, 0.0311], [123005000.0, 0.01], [123006000.0, 0.00028887]]},
{"timestamp": 1743933271273, "bids": [[122909000.0, 0.03], [122908000.0, 0.03233785], [122895000.0, 0.00468], [122887000.0, 0.0017367], [122881000.0, 0.01626], [122819000.0, 8.142e-05], [122818000.0, 8.142e-05], [122815000.0, 0.00130277], [122809000.0, 0.00532217], [122808000.0, 8.142e-05]], "asks": [[122971000.0, 0.05], [122972000.0, 0.02818765], [122975000.0, 0.00132104], [122987000.0, 0.00130045], [122995000.0, 0.00138164], [122997000.0, 0.00121907], [123000000.0, 0.02502682], [123004000.0, 0.0311], [123005000.0, 0.01], [123006000.0, 0.00028887]]},
{"timestamp": 1743933271735, "bids": [[122909000.0, 0.03], [122908000.0, 0.03233785], [122895000.0, 0.00468], [122887000.0, 0.0017367], [122881000.0, 0.01626], [122819000.0, 8.142e-05], [122818000.0, 8.142e-05], [122815000.0, 0.00130277], [122809000.0, 0.00532217], [122808000.0, 8.142e-05]], "asks": [[122971000.0, 0.05], [122972000.0, 0.02818765], [122975000.0, 0.00132104], [122987000.0, 0.00130045], [122995000.0, 0.00138164], [122997000.0, 0.00121907], [123000000.0, 0.02502682], [123004000.0, 0.0311], [123005000.0, 0.01], [123006000.0, 0.00028887]]},
{"timestamp": 1743933273029, "bids": [[122909000.0, 0.03], [122908000.0, 0.03233785], [122895000.0, 0.00468], [122887000.0, 0.0017367], [122881000.0, 0.01626], [122819000.0, 8.142e-05], [122818000.0, 8.142e-05], [122815000.0, 0.00130277], [122809000.0, 0.00532217], [122808000.0, 8.142e-05]], "asks": [[122971000.0, 0.05], [122972000.0, 0.02818765], [122975000.0, 0.00132104], [122987000.0, 0.00130045], [122995000.0, 0.00138164], [122997000.0, 0.00121907], [123000000.0, 0.02502682], [123004000.0, 0.0311], [123005000.0, 0.01], [123006000.0, 0.00028887]]},
{"timestamp": 1743933273467, "bids": [[122909000.0, 0.03], [122908000.0, 0.03233785], [122895000.0, 0.00468], [122887000.0, 0.0017367], [122881000.0, 0.01626], [122819000.0, 8.142e-05], [122818000.0, 8.142e-05], [122815000.0, 0.00130277], [122809000.0, 0.00532217], [122808000.0, 8.142e-05]], "asks": [[122971000.0, 0.05], [122972000.0, 0.02818765], [122975000.0, 0.00132104], [122987000.0, 0.00130045], [122995000.0, 0.00138164], [122997000.0, 0.00121907], [123000000.0, 0.02502682], [123004000.0, 0.0311], [123005000.0, 0.01], [123006000.0, 0.00028887]]},
{"timestamp": 1743933273868, "bids": [[122909000.0, 0.03], [122908000.0, 0.03233785], [122895000.0, 0.00468], [122887000.0, 0.0017367], [122881000.0, 0.01626], [122819000.0, 8.142e-05], [122818000.0, 8.142e-05], [122815000.0, 0.00130277], [122809000.0, 0.00532217], [122808000.0, 8.142e-05]], "asks": [[122971000.0, 0.05], [122972000.0, 0.02818765], [122975000.0, 0.00132104], [122987000.0, 0.00130045], [122995000.0, 0.00138164], [122997000.0, 0.00121907], [123000000.0, 0.02502682], [123004000.0, 0.0311], [123005000.0, 0.01], [123006000.0, 0.00028887]]},
{"timestamp": 1743933274038, "bids": [[122909000.0, 0.03], [122908000.0, 0.03233785], [122895000.0, 0.00468], [122887000.0, 0.0017367], [122881000.0, 0.01626], [122819000.0, 8.142e-05], [122818000.0, 8.142e-05], [122815000.0, 0.00130277], [122809000.0, 0.00532217], [122808000.0, 8.142e-05]], "asks": [[122971000.0, 0.05], [122972000.0, 0.02818765], [122975000.0, 0.00132104], [122987000.0, 0.00130045], [122995000.0, 0.00138164], [122997000.0, 0.00121907], [123000000.0, 0.02502682], [123004000.0, 0.0311], [123005000.0, 0.01], [123006000.0, 0.00028887]]},
{"timestamp": 1743933274224, "bids": [[122909000.0, 0.03], [122908000.0, 0.03233785], [122895000.0, 0.00468], [122887000.0, 0.0017367], [122881000.0, 0.01626], [122819000.0, 8.142e-05], [122818000.0, 8.142e-05], [122815000.0, 0.00130277], [122809000.0, 0.00532217], [122808000.0, 8.142e-05]], "asks": [[122971000.0, 0.05], [122972000.0, 0.02818765], [122975000.0, 0.00132104], [122987000.0, 0.00130045], [122995000.0, 0.00138164], [122997000.0, 0.00121907], [123000000.0, 0.02502682], [123004000.0, 0.0311], [123005000.0, 0.01], [123006000.0, 0.00028887]]},
{"timestamp": 1743933274224, "bids": [[122909000.0, 0.03], [122908000.0, 0.03233785], [122895000.0, 0.00468], [122887000.0, 0.0017367], [122881000.0, 0.01626], [122819000.0, 8.142e-05], [122818000.0, 8.142e-05], [122815000.0, 0.00130277], [122809000.0, 0.00532217], [122808000.0, 8.142e-05]], "asks": [[122971000.0, 0.05], [122972000.0, 0.02818765], [122975000.0, 0.00132104], [122987000.0, 0.00130045], [122995000.0, 0.00138164], [122997000.0, 0.00121907], [123000000.0, 0.02502682], [123004000.0, 0.0311], [123005000.0, 0.01], [123006000.0, 0.00028887]]},
{"timestamp": 1743933274481, "bids": [[122909000.0, 0.03], [122908000.0, 0.03233785], [122895000.0, 0.00468], [122887000.0, 0.0017367], [122881000.0, 0.01626], [122819000.0, 8.142e-05], [122818000.0, 8.142e-05], [122815000.0, 0.00130277], [122809000.0, 0.00532217], [122808000.0, 8.142e-05]], "asks": [[122971000.0, 0.05], [122972000.0, 0.02818765], [122975000.0, 0.00132104], [122987000.0, 0.00130045], [122995000.0, 0.00138164], [122997000.0, 0.00121907], [123000000.0, 0.02502682], [123004000.0, 0.0311], [123005000.0, 0.01], [123006000.0, 0.00028887]]},
{"timestamp": 1743933274481, "bids": [[122909000.0, 0.03], [122908000.0, 0.03233785], [122895000.0, 0.00468], [122887000.0, 0.0017367], [122881000.0, 0.01626], [122819000.0, 8.142e-05], [122818000.0, 8.142e-05], [122815000.0, 0.00130277], [122809000.0, 0.00532217], [122808000.0, 8.142e-05]], "asks": [[122971000.0, 0.05], [122972000.0, 0.02818765], [122975000.0, 0.00132104], [122987000.0, 0.00130045], [122995000.0, 0.00138164], [122997000.0, 0.00121907], [123000000.0, 0.02502682], [123004000.0, 0.0311], [123005000.0, 0.01], [123006000.0, 0.00028887]]},
{"timestamp": 1743933274620, "bids": [[122909000.0, 0.03], [122908000.0, 0.03233785], [122895000.0, 0.00468], [122887000.0, 0.0017367], [122881000.0, 0.01626], [122819000.0, 8.142e-05], [122818000.0, 8.142e-05], [122815000.0, 0.00130277], [122809000.0, 0.00532217], [122808000.0, 8.142e-05]], "asks": [[122971000.0, 0.05], [122972000.0, 0.02818765], [122975000.0, 0.00132104], [122987000.0, 0.00130045], [122995000.0, 0.00138164], [122997000.0, 0.00121907], [123000000.0, 0.02502682], [123004000.0, 0.0311], [123005000.0, 0.01], [123006000.0, 0.00028887]]},
{"timestamp": 1743933276099, "bids": [[122909000.0, 0.03], [122908000.0, 0.03233785], [122895000.0, 0.00468], [122887000.0, 0.0017367], [122881000.0, 0.01626], [122819000.0, 8.142e-05], [122818000.0, 8.142e-05], [122815000.0, 0.00130277], [122809000.0, 0.00532217], [122808000.0, 8.142e-05]], "asks": [[122971000.0, 0.05], [122972000.0, 0.02818765], [122975000.0, 0.00132104], [122987000.0, 0.00130045], [122995000.0, 0.00138164], [122997000.0, 0.00121907], [123000000.0, 0.02502682], [123004000.0, 0.0311], [123005000.0, 0.01], [123006000.0, 0.00028887]]},
