[
,
{"timestamp": 1743938535333, "bids": [[122472000.0, 0.00244953], [122469000.0, 8.165e-05], [122452000.0, 8.166e-05], [122435000.0, 0.00130735], [122422000.0, 0.00057203], [122421000.0, 0.00057203], [122420000.0, 0.01026], [122417000.0, 0.00057205], [122411000.0, 8.169e-05], [122406000.0, 8.26e-05]], "asks": [[122481000.0, 0.00192887], [122500000.0, 0.00054051], [122502000.0, 0.00576], [122509000.0, 0.01776], [122512000.0, 0.00594], [122519000.0, 0.0311], [122555000.0, 0.0815712], [122628000.0, 0.00497481], [122637000.0, 0.01723204], [122644000.0, 0.12479999]]},
{"timestamp": 1743938535591, "bids": [[122472000.0, 0.00244953], [122469000.0, 8.165e-05], [122452000.0, 8.166e-05], [122435000.0, 0.00130735], [122422000.0, 0.00057203], [122421000.0, 0.00057203], [122420000.0, 0.01026], [122417000.0, 0.00057205], [122411000.0, 8.169e-05], [122406000.0, 8.26e-05]], "asks": [[122481000.0, 0.00192887], [122500000.0, 0.00054051], [122502000.0, 0.00576], [122509000.0, 0.01776], [122512000.0, 0.00594], [122519000.0, 0.0311], [122555000.0, 0.0815712], [122628000.0, 0.00497481], [122637000.0, 0.01723204], [122644000.0, 0.12479999]]},
{"timestamp": 1743938535721, "bids": [[122472000.0, 0.00244953], [122469000.0, 8.165e-05], [122452000.0, 8.166e-05], [122435000.0, 0.00130735], [122422000.0, 0.00057203], [122421000.0, 0.00057203], [122420000.0, 0.01026], [122417000.0, 0.00057205], [122411000.0, 8.169e-05], [122406000.0, 8.26e-05]], "asks": [[122481000.0, 0.00192887], [122488000.0, 0.049837], [122500000.0, 0.00054051], [122502000.0, 0.00576], [122509000.0, 0.01776], [122512000.0, 0.00594], [122519000.0, 0.0311], [122555000.0, 0.0815712], [122628000.0, 0.00497481], [122637000.0, 0.01723204]]},
{"timestamp": 1743938535979, "bids": [[122472000.0, 0.00244953], [122469000.0, 8.165e-05], [122452000.0, 8.166e-05], [122435000.0, 0.00130735], [122422000.0, 0.00057203], [122421000.0, 0.00057203], [122420000.0, 0.01026], [122417000.0, 0.00057205], [122411000.0, 8.169e-05], [122406000.0, 8.26e-05]], "asks": [[122481000.0, 0.00192887], [122488000.0, 0.049837], [122500000.0, 0.00054051], [122502000.0, 0.00576], [122509000.0, 0.01776], [122512000.0, 0.00594], [122519000.0, 0.0311], [122555000.0, 0.0815712], [122574000.0, 0.027], [122628000.0, 0.00497481]]},
{"timestamp": 1743938535979, "bids": [[122472000.0, 0.00244953], [122469000.0, 8.165e-05], [122452000.0, 8.166e-05], [122435000.0, 0.00130735], [122422000.0, 0.00057203], [122421000.0, 0.00057203], [122420000.0, 0.01026], [122417000.0, 0.00057205], [122411000.0, 8.169e-05], [122406000.0, 8.26e-05]], "asks": [[122481000.0, 0.00192887], [122500000.0, 0.00054051], [122502000.0, 0.00576], [122509000.0, 0.01776], [122512000.0, 0.00594], [122519000.0, 0.0311], [122555000.0, 0.0815712], [122574000.0, 0.027], [122628000.0, 0.00497481], [122637000.0, 0.01723204]]},
{"timestamp": 1743938536588, "bids": [[122472000.0, 0.00244953], [122469000.0, 8.165e-05], [122452000.0, 8.166e-05], [122435000.0, 0.00130735], [122422000.0, 0.00057203], [122421000.0, 0.00057203], [122420000.0, 0.01026], [122417000.0, 0.00057205], [122411000.0, 8.169e-05], [122406000.0, 8.26e-05]], "asks": [[122481000.0, 0.00192887], [122487000.0, 0.049837], [122500000.0, 0.00054051], [122502000.0, 0.00576], [122509000.0, 0.01776], [122512000.0, 0.00594], [122519000.0, 0.0311], [122555000.0, 0.0815712], [122574000.0, 0.027], [122628000.0, 0.00497481]]},
{"timestamp": 1743938538068, "bids": [[122472000.0, 0.00244953], [122469000.0, 8.165e-05], [122452000.0, 8.166e-05], [122435000.0, 0.00130735], [122422000.0, 0.00057203], [122421000.0, 0.00057203], [122420000.0, 0.01026], [122417000.0, 0.00057205], [122411000.0, 8.169e-05], [122406000.0, 8.26e-05]], "asks": [[122481000.0, 0.00192887], [122500000.0, 0.00054051], [122502000.0, 0.00576], [122509000.0, 0.01776], [122512000.0, 0.00594], [122519000.0, 0.0311], [122555000.0, 0.0815712], [122574000.0, 0.027], [122628000.0, 0.00497481], [122637000.0, 0.01723204]]},
{"timestamp": 1743938538479, "bids": [[122472000.0, 0.00244953], [122469000.0, 8.165e-05], [122452000.0, 8.166e-05], [122435000.0, 0.00130735], [122422000.0, 0.00057203], [122421000.0, 0.00057203], [122420000.0, 0.01026], [122417000.0, 0.00057205], [122411000.0, 8.169e-05], [122406000.0, 8.26e-05]], "asks": [[122481000.0, 0.00192887], [122500000.0, 0.00054051], [122502000.0, 0.00576], [122509000.0, 0.01776], [122512000.0, 0.00594], [122519000.0, 0.0311], [122555000.0, 0.0815712], [122574000.0, 0.027], [122611000.0, 0.0417], [122628000.0, 0.00497481]]},
{"timestamp": 1743938538479, "bids": [[122472000.0, 0.00244953], [122469000.0, 8.165e-05], [122452000.0, 8.166e-05], [122435000.0, 0.00130735], [122422000.0, 0.00057203], [122421000.0, 0.00057203], [122420000.0, 0.01026], [122417000.0, 0.00057205], [122411000.0, 8.169e-05], [122406000.0, 8.26e-05]], "asks": [[122481000.0, 0.00192887], [122500000.0, 0.00054051], [122502000.0, 0.00576], [122509000.0, 0.01776], [122512000.0, 0.00594], [122519000.0, 0.0311], [122555000.0, 0.0815712], [122574000.0, 0.027], [122611000.0, 0.0417], [122628000.0, 0.00497481]]},
{"timestamp": 1743938538644, "bids": [[122472000.0, 0.00244953], [122469000.0, 8.165e-05], [122452000.0, 8.166e-05], [122435000.0, 0.00130735], [122422000.0, 0.00057203], [122421000.0, 0.00057203], [122420000.0, 0.01026], [122417000.0, 0.00057205], [122411000.0, 8.169e-05], [122406000.0, 8.26e-05]], "asks": [[122481000.0, 0.00192887], [122486000.0, 0.049837], [122500000.0, 0.00054051], [122502000.0, 0.00576], [122509000.0, 0.01776], [122512000.0, 0.00594], [122519000.0, 0.0311], [122555000.0, 0.0815712], [122574000.0, 0.027], [122611000.0, 0.0417]]},
{"timestamp": 1743938541681, "bids": [[122472000.0, 0.00244953], [122469000.0, 8.165e-05], [122452000.0, 8.166e-05], [122435000.0, 0.00130735], [122422000.0, 0.00057203], [122421000.0, 0.00057203], [122420000.0, 0.01026], [122417000.0, 0.00057205], [122411000.0, 8.169e-05], [122406000.0, 8.26e-05]], "asks": [[122481000.0, 0.00192887], [122500000.0, 0.00054051], [122502000.0, 0.00576], [122509000.0, 0.01776], [122512000.0, 0.00594], [122519000.0, 0.0311], [122555000.0, 0.0815712], [122574000.0, 0.027], [122611000.0, 0.0417], [122628000.0, 0.00497481]]},
{"timestamp": 1743938541681, "bids": [[122472000.0, 0.00244953], [122469000.0, 8.165e-05], [122452000.0, 8.166e-05], [122435000.0, 0.00130735], [122422000.0, 0.00057203], [122421000.0, 0.00057203], [122420000.0, 0.01026], [122417000.0, 0.00057205], [122411000.0, 8.169e-05], [122406000.0, 8.26e-05]], "asks": [[122481000.0, 0.00192887], [122500000.0, 0.00054051], [122502000.0, 0.00576], [122509000.0, 0.01776], [122512000.0, 0.00594], [122519000.0, 0.0311], [122555000.0, 0.0815712], [122574000.0, 0.027], [122611000.0, 0.0417], [122628000.0, 0.00497481]]},
{"timestamp": 1743938541834, "bids": [[122472000.0, 0.00244953], [122469000.0, 8.165e-05], [122452000.0, 8.166e-05], [122435000.0, 0.00130735], [122422000.0, 0.00057203], [122421000.0, 0.00057203], [122420000.0, 0.01026], [122417000.0, 0.00057205], [122411000.0, 8.169e-05], [122406000.0, 8.26e-05]], "asks": [[122481000.0, 0.00192887], [122500000.0, 0.00054051], [122502000.0, 0.00576], [122509000.0, 0.01776], [122512000.0, 0.00594], [122519000.0, 0.0311], [122555000.0, 0.0815712], [122574000.0, 0.027], [122611000.0, 0.0417], [122628000.0, 0.00497481]]},
{"timestamp": 1743938542329, "bids": [[122472000.0, 0.00244953], [122469000.0, 8.165e-05], [122452000.0, 8.166e-05], [122435000.0, 0.00130735], [122422000.0, 0.00057203], [122421000.0, 0.00057203], [122420000.0, 0.01026], [122417000.0, 0.00057205], [122411000.0, 8.169e-05], [122406000.0, 8.26e-05]], "asks": [[122481000.0, 0.00192887], [122488000.0, 0.049837], [122500000.0, 0.00054051], [122502000.0, 0.00576], [122509000.0, 0.01776], [122512000.0, 0.00594], [122519000.0, 0.0311], [122555000.0, 0.0815712], [122574000.0, 0.027], [122611000.0, 0.0417]]},
{"timestamp": 1743938542574, "bids": [[122472000.0, 0.00244953], [122469000.0, 8.165e-05], [122452000.0, 8.166e-05], [122435000.0, 0.00130735], [122422000.0, 0.00057203], [122421000.0, 0.00057203], [122420000.0, 0.01026], [122417000.0, 0.00057205], [122411000.0, 8.169e-05], [122406000.0, 8.26e-05]], "asks": [[122481000.0, 0.00192887], [122488000.0, 0.049837], [122500000.0, 0.00054051], [122502000.0, 0.00576], [122509000.0, 0.01776], [122512000.0, 0.00594], [122519000.0, 0.0311], [122555000.0, 0.0815712], [122574000.0, 0.027], [122611000.0, 0.0417]]},
{"timestamp": 1743938542747, "bids": [[122472000.0, 0.00244953], [122469000.0, 8.165e-05], [122452000.0, 8.166e-05], [122435000.0, 0.00130735], [122422000.0, 0.00057203], [122421000.0, 0.00057203], [122420000.0, 0.01026], [122417000.0, 0.00057205], [122411000.0, 8.169e-05], [122406000.0, 8.26e-05]], "asks": [[122481000.0, 0.00192887], [122488000.0, 0.049837], [122500000.0, 0.00054051], [122502000.0, 0.00576], [122509000.0, 0.01776], [122512000.0, 0.00594], [122519000.0, 0.0311], [122555000.0, 0.0815712], [122574000.0, 0.027], [122611000.0, 0.0417]]},
{"timestamp": 1743938542980, "bids": [[122472000.0, 0.00244953], [122469000.0, 8.165e-05], [122452000.0, 8.166e-05], [122435000.0, 0.00130735], [122422000.0, 0.00057203], [122421000.0, 0.00057203], [122420000.0, 0.01026], [122417000.0, 0.00057205], [122411000.0, 8.169e-05], [122406000.0, 8.26e-05]], "asks": [[122481000.0, 0.00192887], [122488000.0, 0.049837], [122500000.0, 0.00054051], [122502000.0, 0.00576], [122509000.0, 0.01776], [122512000.0, 0.00594], [122519000.0, 0.0311], [122555000.0, 0.0815712], [122574000.0, 0.027], [122611000.0, 0.0417]]},
{"timestamp": 1743938543145, "bids": [[122472000.0, 0.00244953], [122469000.0, 8.165e-05], [122452000.0, 8.166e-05], [122435000.0, 0.00130735], [122422000.0, 0.00057203], [122421000.0, 0.00057203], [122420000.0, 0.01026], [122417000.0, 0.00057205], [122411000.0, 8.169e-05], [122406000.0, 8.26e-05]], "asks": [[122481000.0, 0.00192887], [122488000.0, 0.049837], [122500000.0, 0.00054051], [122502000.0, 0.00576], [122509000.0, 0.01776], [122512000.0, 0.00594], [122519000.0, 0.0311], [122574000.0, 0.027], [122611000.0, 0.0417], [122628000.0, 0.00497481]]},
{"timestamp": 1743938543145, "bids": [[122472000.0, 0.00244953], [122469000.0, 8.165e-05], [122452000.0, 8.166e-05], [122435000.0, 0.00130735], [122422000.0, 0.00057203], [122421000.0, 0.00057203], [122420000.0, 0.01026], [122417000.0, 0.00057205], [122411000.0, 8.169e-05], [122406000.0, 8.26e-05]], "asks": [[122481000.0, 0.00192887], [122500000.0, 0.00054051], [122502000.0, 0.00576], [122509000.0, 0.01776], [122512000.0, 0.00594], [122519000.0, 0.0311], [122574000.0, 0.027], [122611000.0, 0.0417], [122628000.0, 0.00497481], [122637000.0, 0.01723204]]},
{"timestamp": 1743938543397, "bids": [[122472000.0, 0.00244953], [122469000.0, 8.165e-05], [122452000.0, 8.166e-05], [122435000.0, 0.00130735], [122422000.0, 0.00057203], [122421000.0, 0.00057203], [122420000.0, 0.01026], [122417000.0, 0.00057205], [122411000.0, 8.169e-05], [122406000.0, 8.26e-05]], "asks": [[122481000.0, 0.00192887], [122500000.0, 0.00054051], [122502000.0, 0.00576], [122509000.0, 0.01776], [122512000.0, 0.00594], [122519000.0, 0.0311], [122574000.0, 0.027], [122611000.0, 0.0417], [122628000.0, 0.00497481], [122637000.0, 0.01723204]]},
{"timestamp": 1743938543397, "bids": [[122472000.0, 0.00244953], [122469000.0, 8.165e-05], [122452000.0, 8.166e-05], [122435000.0, 0.00130735], [122422000.0, 0.00057203], [122421000.0, 0.00057203], [122420000.0, 0.01026], [122417000.0, 0.00057205], [122411000.0, 8.169e-05], [122406000.0, 8.26e-05]], "asks": [[122481000.0, 0.00192887], [122500000.0, 0.00054051], [122502000.0, 0.00576], [122509000.0, 0.01776], [122512000.0, 0.00594], [122519000.0, 0.0311], [122574000.0, 0.027], [122611000.0, 0.0417], [122628000.0, 0.00497481], [122637000.0, 0.01723204]]},
{"timestamp": 1743938543572, "bids": [[122472000.0, 0.00244953], [122469000.0, 8.165e-05], [122452000.0, 8.166e-05], [122435000.0, 0.00130735], [122422000.0, 0.00057203], [122421000.0, 0.00057203], [122420000.0, 0.01026], [122417000.0, 0.00057205], [122411000.0, 8.169e-05], [122406000.0, 8.26e-05]], "asks": [[122481000.0, 0.00192887], [122500000.0, 0.00054051], [122502000.0, 0.00576], [122509000.0, 0.01776], [122512000.0, 0.00594], [122519000.0, 0.0311], [122611000.0, 0.0417], [122628000.0, 0.00497481], [122637000.0, 0.01723204], [122644000.0, 0.12479999]]},
{"timestamp": 1743938543707, "bids": [[122472000.0, 0.00244953], [122469000.0, 8.165e-05], [122452000.0, 8.166e-05], [122435000.0, 0.00130735], [122422000.0, 0.00057203], [122421000.0, 0.00057203], [122420000.0, 0.01026], [122417000.0, 0.00057205], [122411000.0, 8.169e-05], [122406000.0, 8.26e-05]], "asks": [[122481000.0, 0.00192887], [122489000.0, 0.049837], [122500000.0, 0.00054051], [122502000.0, 0.00576], [122509000.0, 0.01776], [122512000.0, 0.00594], [122519000.0, 0.0311], [122611000.0, 0.0417], [122628000.0, 0.00497481], [122637000.0, 0.01723204]]},
{"timestamp": 1743938544904, "bids": [[122472000.0, 0.00244953], [122469000.0, 8.165e-05], [122452000.0, 8.166e-05], [122435000.0, 0.00130735], [122422000.0, 0.00057203], [122421000.0, 0.00057203], [122420000.0, 0.01026], [122417000.0, 0.00057205], [122411000.0, 8.169e-05], [122406000.0, 8.26e-05]], "asks": [[122481000.0, 0.00192887], [122500000.0, 0.00054051], [122502000.0, 0.00576], [122509000.0, 0.01776], [122512000.0, 0.00594], [122519000.0, 0.0311], [122611000.0, 0.0417], [122628000.0, 0.00497481], [122637000.0, 0.01723204], [122644000.0, 0.12479999]]},
{"timestamp": 1743938545140, "bids": [[122472000.0, 0.00244953], [122469000.0, 8.165e-05], [122452000.0, 8.166e-05], [122435000.0, 0.00130735], [122422000.0, 0.00057203], [122421000.0, 0.00057203], [122420000.0, 0.01026], [122417000.0, 0.00057205], [122411000.0, 8.169e-05], [122406000.0, 8.26e-05]], "asks": [[122481000.0, 0.00192887], [122500000.0, 0.00054051], [122502000.0, 0.00576], [122509000.0, 0.01776], [122512000.0, 0.00594], [122519000.0, 0.0311], [122556000.0, 0.0815712], [122611000.0, 0.0417], [122628000.0, 0.00497481], [122637000.0, 0.01723204]]},
{"timestamp": 1743938545368, "bids": [[122472000.0, 0.00244953], [122469000.0, 8.165e-05], [122452000.0, 8.166e-05], [122435000.0, 0.00130735], [122422000.0, 0.00057203], [122421000.0, 0.00057203], [122420000.0, 0.01026], [122417000.0, 0.00057205], [122411000.0, 8.169e-05], [122406000.0, 8.26e-05]], "asks": [[122481000.0, 0.00192887], [122500000.0, 0.00054051], [122502000.0, 0.00576], [122509000.0, 0.01776], [122512000.0, 0.00594], [122519000.0, 0.0311], [122556000.0, 0.0815712], [122611000.0, 0.0417], [122628000.0, 0.00497481], [122637000.0, 0.01723204]]},
{"timestamp": 1743938545603, "bids": [[122472000.0, 0.00244953], [122469000.0, 8.165e-05], [122452000.0, 8.166e-05], [122435000.0, 0.00130735], [122422000.0, 0.00057203], [122421000.0, 0.00057203], [122420000.0, 0.01026], [122417000.0, 0.00057205], [122411000.0, 8.169e-05], [122406000.0, 8.26e-05]], "asks": [[122481000.0, 0.00192887], [122492000.0, 0.049837], [122500000.0, 0.00054051], [122502000.0, 0.00576], [122509000.0, 0.01776], [122512000.0, 0.00594], [122519000.0, 0.0311], [122556000.0, 0.0815712], [122611000.0, 0.0417], [122628000.0, 0.00497481]]},
{"timestamp": 1743938545603, "bids": [[122472000.0, 0.00244953], [122469000.0, 8.165e-05], [122452000.0, 8.166e-05], [122435000.0, 0.00130735], [122422000.0, 0.00057203], [122421000.0, 0.00057203], [122420000.0, 0.01026], [122417000.0, 0.00057205], [122411000.0, 8.169e-05], [122406000.0, 8.26e-05]], "asks": [[122481000.0, 0.00192887], [122492000.0, 0.049837], [122500000.0, 0.00054051], [122502000.0, 0.00576], [122509000.0, 0.01776], [122512000.0, 0.00594], [122519000.0, 0.0311], [122556000.0, 0.0815712], [122611000.0, 0.0417], [122628000.0, 0.00497481]]},
{"timestamp": 1743938545916, "bids": [[122472000.0, 0.00244953], [122469000.0, 8.165e-05], [122452000.0, 8.166e-05], [122435000.0, 0.00130735], [122422000.0, 0.00057203], [122421000.0, 0.00057203], [122420000.0, 0.01026], [122417000.0, 0.00057205], [122411000.0, 8.169e-05], [122406000.0, 8.26e-05]], "asks": [[122481000.0, 0.00192887], [122492000.0, 0.049837], [122500000.0, 0.00054051], [122502000.0, 0.00576], [122509000.0, 0.01776], [122512000.0, 0.00594], [122519000.0, 0.0311], [122556000.0, 0.0815712], [122628000.0, 0.00497481], [122637000.0, 0.01723204]]},
{"timestamp": 1743938547283, "bids": [[122472000.0, 0.00244953], [122469000.0, 8.165e-05], [122452000.0, 8.166e-05], [122435000.0, 0.00130735], [122422000.0, 0.00057203], [122421000.0, 0.00057203], [122420000.0, 0.01026], [122417000.0, 0.00057205], [122411000.0, 8.169e-05], [122406000.0, 8.26e-05]], "asks": [[122481000.0, 0.00192887], [122492000.0, 0.049837], [122500000.0, 0.00054051], [122502000.0, 0.00576], [122509000.0, 0.01776], [122512000.0, 0.00594], [122519000.0, 0.0311], [122556000.0, 0.0815712], [122628000.0, 0.00497481], [122637000.0, 0.01723204]]},
{"timestamp": 1743938547283, "bids": [[122472000.0, 0.00244953], [122469000.0, 8.165e-05], [122452000.0, 8.166e-05], [122435000.0, 0.00130735], [122422000.0, 0.00057203], [122421000.0, 0.00057203], [122420000.0, 0.01026], [122417000.0, 0.00057205], [122411000.0, 8.169e-05], [122406000.0, 8.26e-05]], "asks": [[122481000.0, 0.00192887], [122492000.0, 0.049837], [122500000.0, 0.00054051], [122502000.0, 0.00576], [122509000.0, 0.01776], [122512000.0, 0.00594], [122519000.0, 0.0311], [122556000.0, 0.0815712], [122628000.0, 0.00497481], [122637000.0, 0.01723204]]},
{"timestamp": 1743938548084, "bids": [[122472000.0, 0.00244953], [122469000.0, 8.165e-05], [122452000.0, 8.166e-05], [122435000.0, 0.00130735], [122422000.0, 0.00057203], [122421000.0, 0.00057203], [122420000.0, 0.01026], [122417000.0, 0.00057205], [122411000.0, 8.169e-05], [122406000.0, 8.26e-05]], "asks": [[122481000.0, 0.00192887], [122500000.0, 0.00054051], [122502000.0, 0.00576], [122509000.0, 0.01776], [122512000.0, 0.00594], [122519000.0, 0.0311], [122556000.0, 0.0815712], [122628000.0, 0.00497481], [122637000.0, 0.01723204], [122644000.0, 0.12479999]]},
{"timestamp": 1743938548232, "bids": [[122472000.0, 0.00244953], [122469000.0, 8.165e-05], [122452000.0, 8.166e-05], [122435000.0, 0.00130735], [122422000.0, 0.00057203], [122421000.0, 0.00057203], [122420000.0, 0.01026], [122417000.0, 0.00057205], [122411000.0, 8.169e-05], [122406000.0, 8.26e-05]], "asks": [[122481000.0, 0.00192887], [122500000.0, 0.00054051], [122502000.0, 0.00576], [122509000.0, 0.01776], [122512000.0, 0.00594], [122519000.0, 0.0311], [122628000.0, 0.00497481], [122637000.0, 0.01723204], [122644000.0, 0.12479999], [122648000.0, 0.00032601]]},
{"timestamp": 1743938548484, "bids": [[122472000.0, 0.00244953], [122469000.0, 8.165e-05], [122452000.0, 8.166e-05], [122435000.0, 0.00130735], [122422000.0, 0.00057203], [122421000.0, 0.00057203], [122420000.0, 0.01026], [122417000.0, 0.00057205], [122411000.0, 8.169e-05], [122406000.0, 8.26e-05]], "asks": [[122480000.0, 0.00052253], [122481000.0, 0.00192887], [122500000.0, 0.00054051], [122502000.0, 0.00576], [122509000.0, 0.01776], [122512000.0, 0.00594], [122519000.0, 0.0311], [122628000.0, 0.00497481], [122637000.0, 0.01723204], [122644000.0, 0.12479999]]},
{"timestamp": 1743938548767, "bids": [[122472000.0, 0.00244953], [122469000.0, 8.165e-05], [122452000.0, 8.166e-05], [122435000.0, 0.00130735], [122422000.0, 0.00057203], [122421000.0, 0.00057203], [122420000.0, 0.01026], [122417000.0, 0.00057205], [122411000.0, 8.169e-05], [122406000.0, 8.26e-05]], "asks": [[122480000.0, 0.00052253], [122481000.0, 0.00192887], [122491000.0, 0.049837], [122500000.0, 0.00054051], [122502000.0, 0.00576], [122509000.0, 0.01776], [122512000.0, 0.00594], [122519000.0, 0.0311], [122628000.0, 0.00497481], [122637000.0, 0.01723204]]},
{"timestamp": 1743938548768, "bids": [[122472000.0, 0.00244953], [122469000.0, 8.165e-05], [122452000.0, 8.166e-05], [122435000.0, 0.00130735], [122422000.0, 0.00057203], [122421000.0, 0.00057203], [122420000.0, 0.01026], [122417000.0, 0.00057205], [122411000.0, 8.169e-05], [122406000.0, 8.26e-05]], "asks": [[122480000.0, 0.00052253], [122481000.0, 0.00192887], [122491000.0, 0.049837], [122500000.0, 0.00054051], [122502000.0, 0.00576], [122509000.0, 0.01776], [122512000.0, 0.00594], [122519000.0, 0.0311], [122611000.0, 0.0417], [122628000.0, 0.00497481]]},
{"timestamp": 1743938549144, "bids": [[122472000.0, 0.00244953], [122469000.0, 8.165e-05], [122452000.0, 8.166e-05], [122435000.0, 0.00130735], [122422000.0, 0.00057203], [122421000.0, 0.00057203], [122420000.0, 0.01026], [122417000.0, 0.00057205], [122411000.0, 8.169e-05], [122406000.0, 8.26e-05]], "asks": [[122480000.0, 0.00052253], [122481000.0, 0.00192887], [122500000.0, 0.00054051], [122502000.0, 0.00576], [122509000.0, 0.01776], [122512000.0, 0.00594], [122519000.0, 0.0311], [122611000.0, 0.0417], [122628000.0, 0.00497481], [122637000.0, 0.01723204]]},
{"timestamp": 1743938549921, "bids": [[122472000.0, 0.00244953], [122469000.0, 8.165e-05], [122452000.0, 8.166e-05], [122435000.0, 0.00130735], [122422000.0, 0.00057203], [122421000.0, 0.00057203], [122420000.0, 0.01026], [122417000.0, 0.00057205], [122411000.0, 8.169e-05], [122406000.0, 8.26e-05]], "asks": [[122480000.0, 0.00052253], [122481000.0, 0.00192887], [122492000.0, 0.049837], [122500000.0, 0.00054051], [122502000.0, 0.00576], [122509000.0, 0.01776], [122512000.0, 0.00594], [122519000.0, 0.0311], [122611000.0, 0.0417], [122628000.0, 0.00497481]]},
{"timestamp": 1743938550128, "bids": [[122472000.0, 0.00244953], [122469000.0, 8.165e-05], [122452000.0, 8.166e-05], [122435000.0, 0.00130735], [122422000.0, 0.00057203], [122421000.0, 0.00057203], [122420000.0, 0.01026], [122417000.0, 0.00057205], [122411000.0, 8.169e-05], [122406000.0, 8.26e-05]], "asks": [[122480000.0, 0.00052253], [122481000.0, 0.00192887], [122492000.0, 0.049837], [122500000.0, 0.00054051], [122502000.0, 0.00576], [122509000.0, 0.01776], [122512000.0, 0.00594], [122519000.0, 0.0311], [122574000.0, 0.027], [122611000.0, 0.0417]]},
{"timestamp": 1743938550319, "bids": [[122472000.0, 0.00244953], [122469000.0, 8.165e-05], [122452000.0, 8.166e-05], [122435000.0, 0.00130735], [122422000.0, 0.00057203], [122421000.0, 0.00057203], [122420000.0, 0.01026], [122417000.0, 0.00057205], [122411000.0, 8.169e-05], [122406000.0, 8.26e-05]], "asks": [[122480000.0, 0.00052253], [122481000.0, 0.00192887], [122492000.0, 0.049837], [122500000.0, 0.00054051], [122502000.0, 0.00576], [122509000.0, 0.01776], [122512000.0, 0.00594], [122519000.0, 0.0311], [122556000.0, 0.0815712], [122574000.0, 0.027]]},
{"timestamp": 1743938550319, "bids": [[122472000.0, 0.00244953], [122469000.0, 8.165e-05], [122452000.0, 8.166e-05], [122435000.0, 0.00130735], [122422000.0, 0.00057203], [122421000.0, 0.00057203], [122420000.0, 0.01026], [122417000.0, 0.00057205], [122411000.0, 8.169e-05], [122406000.0, 8.26e-05]], "asks": [[122480000.0, 0.00052253], [122481000.0, 0.00192887], [122492000.0, 0.049837], [122500000.0, 0.00054051], [122502000.0, 0.00576], [122509000.0, 0.01776], [122512000.0, 0.00594], [122519000.0, 0.0311], [122556000.0, 0.0815712], [122574000.0, 0.027]]},
{"timestamp": 1743938550966, "bids": [[122472000.0, 0.00244953], [122469000.0, 8.165e-05], [122452000.0, 8.166e-05], [122435000.0, 0.00130735], [122422000.0, 0.00057203], [122421000.0, 0.00057203], [122420000.0, 0.01026], [122417000.0, 0.00057205], [122411000.0, 8.169e-05], [122406000.0, 8.26e-05]], "asks": [[122480000.0, 0.00052253], [122481000.0, 0.00192887], [122492000.0, 0.049837], [122500000.0, 0.00054051], [122502000.0, 0.00576], [122509000.0, 0.01776], [122512000.0, 0.00594], [122519000.0, 0.0311], [122556000.0, 0.0815712], [122574000.0, 0.027]]},
{"timestamp": 1743938550966, "bids": [[122472000.0, 0.00244953], [122469000.0, 8.165e-05], [122452000.0, 8.166e-05], [122435000.0, 0.00130735], [122422000.0, 0.00057203], [122421000.0, 0.00057203], [122420000.0, 0.01026], [122417000.0, 0.00057205], [122411000.0, 8.169e-05], [122406000.0, 8.26e-05]], "asks": [[122480000.0, 0.00052253], [122481000.0, 0.00192887], [122492000.0, 0.049837], [122500000.0, 0.00054051], [122509000.0, 0.01776], [122512000.0, 0.00594], [122519000.0, 0.0311], [122556000.0, 0.0815712], [122574000.0, 0.027], [122611000.0, 0.0417]]},
{"timestamp": 1743938550966, "bids": [[122472000.0, 0.00244953], [122469000.0, 8.165e-05], [122452000.0, 8.166e-05], [122435000.0, 0.00130735], [122422000.0, 0.00057203], [122421000.0, 0.00057203], [122420000.0, 0.01026], [122417000.0, 0.00057205], [122411000.0, 8.169e-05], [122406000.0, 8.26e-05]], "asks": [[122480000.0, 0.00052253], [122481000.0, 0.00192887], [122492000.0, 0.049837], [122500000.0, 0.00054051], [122512000.0, 0.00594], [122519000.0, 0.0311], [122556000.0, 0.0815712], [122574000.0, 0.027], [122611000.0, 0.0417], [122628000.0, 0.00497481]]},
{"timestamp": 1743938551120, "bids": [[122472000.0, 0.00244953], [122469000.0, 8.165e-05], [122452000.0, 8.166e-05], [122435000.0, 0.00130735], [122422000.0, 0.00057203], [122421000.0, 0.00057203], [122420000.0, 0.01026], [122417000.0, 0.00057205], [122411000.0, 8.169e-05], [122406000.0, 8.26e-05]], "asks": [[122480000.0, 0.00052253], [122481000.0, 0.00192887], [122492000.0, 0.049837], [122500000.0, 0.00054051], [122512000.0, 0.00594], [122519000.0, 0.0311], [122556000.0, 0.0815712], [122574000.0, 0.027], [122611000.0, 0.0417], [122628000.0, 0.00497481]]},
{"timestamp": 1743938551681, "bids": [[122472000.0, 0.00244953], [122469000.0, 8.165e-05], [122452000.0, 8.166e-05], [122435000.0, 0.00130735], [122422000.0, 0.00057203], [122421000.0, 0.00057203], [122420000.0, 0.01026], [122417000.0, 0.00057205], [122411000.0, 8.169e-05], [122406000.0, 8.26e-05]], "asks": [[122480000.0, 0.00052253], [122481000.0, 0.00192887], [122492000.0, 0.049837], [122500000.0, 0.00054051], [122512000.0, 0.00594], [122519000.0, 0.05426], [122556000.0, 0.0815712], [122574000.0, 0.027], [122611000.0, 0.0417], [122628000.0, 0.00497481]]},
{"timestamp": 1743938551811, "bids": [[122472000.0, 0.00244953], [122469000.0, 8.165e-05], [122452000.0, 8.166e-05], [122435000.0, 0.00130735], [122422000.0, 0.00057203], [122421000.0, 0.00057203], [122420000.0, 0.01026], [122417000.0, 0.00057205], [122411000.0, 8.169e-05], [122406000.0, 8.26e-05]], "asks": [[122480000.0, 0.00052253], [122481000.0, 0.00192887], [122500000.0, 0.00054051], [122512000.0, 0.00594], [122519000.0, 0.05426], [122556000.0, 0.0815712], [122574000.0, 0.027], [122611000.0, 0.0417], [122628000.0, 0.00497481], [122637000.0, 0.01723204]]},
{"timestamp": 1743938552003, "bids": [[122472000.0, 0.00244953], [122469000.0, 8.165e-05], [122452000.0, 8.166e-05], [122435000.0, 0.00130735], [122422000.0, 0.00057203], [122421000.0, 0.00057203], [122420000.0, 0.01026], [122417000.0, 0.00057205], [122411000.0, 8.169e-05], [122406000.0, 8.26e-05]], "asks": [[122480000.0, 0.00052253], [122481000.0, 0.00192887], [122500000.0, 0.00054051], [122519000.0, 0.05426], [122556000.0, 0.0815712], [122574000.0, 0.027], [122611000.0, 0.0417], [122628000.0, 0.00497481], [122637000.0, 0.01723204], [122644000.0, 0.12479999]]},
{"timestamp": 1743938552288, "bids": [[122472000.0, 0.00244953], [122469000.0, 8.165e-05], [122452000.0, 8.166e-05], [122435000.0, 0.00130735], [122422000.0, 0.00057203], [122421000.0, 0.00057203], [122420000.0, 0.01026], [122417000.0, 0.00057205], [122411000.0, 8.169e-05], [122406000.0, 8.26e-05]], "asks": [[122480000.0, 0.00052253], [122481000.0, 0.00192887], [122500000.0, 0.00054051], [122519000.0, 0.02316], [122556000.0, 0.0815712], [122574000.0, 0.027], [122611000.0, 0.0417], [122628000.0, 0.00497481], [122637000.0, 0.01723204], [122644000.0, 0.12479999]]},
{"timestamp": 1743938552288, "bids": [[122472000.0, 0.00244953], [122469000.0, 8.165e-05], [122452000.0, 8.166e-05], [122435000.0, 0.00130735], [122422000.0, 0.00057203], [122421000.0, 0.00057203], [122420000.0, 0.01026], [122417000.0, 0.00057205], [122411000.0, 8.169e-05], [122406000.0, 8.26e-05]], "asks": [[122480000.0, 0.00052253], [122481000.0, 0.00192887], [122500000.0, 0.00054051], [122519000.0, 0.02316], [122556000.0, 0.0815712], [122574000.0, 0.027], [122611000.0, 0.0417], [122627000.0, 0.0311], [122628000.0, 0.00497481], [122637000.0, 0.01723204]]},
{"timestamp": 1743938552464, "bids": [[122472000.0, 0.00244953], [122469000.0, 8.165e-05], [122452000.0, 8.166e-05], [122435000.0, 0.00130735], [122422000.0, 0.00057203], [122421000.0, 0.00057203], [122420000.0, 0.01026], [122417000.0, 0.00057205], [122411000.0, 8.169e-05], [122406000.0, 8.26e-05]], "asks": [[122480000.0, 0.00052253], [122481000.0, 0.00192887], [122500000.0, 0.00054051], [122519000.0, 0.02316], [122556000.0, 0.0815712], [122574000.0, 0.027], [122611000.0, 0.0417], [122627000.0, 0.0311], [122628000.0, 0.00497481], [122637000.0, 0.01723204]]},
{"timestamp": 1743938552464, "bids": [[122472000.0, 0.00244953], [122469000.0, 8.165e-05], [122452000.0, 8.166e-05], [122435000.0, 0.00130735], [122422000.0, 0.00057203], [122421000.0, 0.00057203], [122420000.0, 0.01026], [122417000.0, 0.00057205], [122411000.0, 8.169e-05], [122406000.0, 8.26e-05]], "asks": [[122480000.0, 0.00052253], [122481000.0, 0.00192887], [122500000.0, 0.00054051], [122556000.0, 0.0815712], [122574000.0, 0.027], [122611000.0, 0.0417], [122627000.0, 0.0311], [122628000.0, 0.00497481], [122637000.0, 0.01723204], [122644000.0, 0.12479999]]},
{"timestamp": 1743938552464, "bids": [[122472000.0, 0.00244953], [122469000.0, 8.165e-05], [122452000.0, 8.166e-05], [122435000.0, 0.00130735], [122422000.0, 0.00057203], [122421000.0, 0.00057203], [122420000.0, 0.01026], [122417000.0, 0.00057205], [122411000.0, 8.169e-05], [122406000.0, 8.26e-05]], "asks": [[122480000.0, 0.00052253], [122481000.0, 0.00192887], [122492000.0, 0.049837], [122500000.0, 0.00054051], [122556000.0, 0.0815712], [122574000.0, 0.027], [122611000.0, 0.0417], [122627000.0, 0.0311], [122628000.0, 0.00497481], [122637000.0, 0.01723204]]},
{"timestamp": 1743938552464, "bids": [[122472000.0, 0.00244953], [122469000.0, 8.165e-05], [122452000.0, 8.166e-05], [122435000.0, 0.00130735], [122422000.0, 0.00057203], [122421000.0, 0.00057203], [122420000.0, 0.01026], [122417000.0, 0.00057205], [122411000.0, 8.169e-05], [122406000.0, 8.26e-05]], "asks": [[122480000.0, 0.00052253], [122481000.0, 0.00192887], [122492000.0, 0.049837], [122500000.0, 0.00054051], [122556000.0, 0.0815712], [122574000.0, 0.027], [122611000.0, 0.0417], [122627000.0, 0.0311], [122628000.0, 0.00497481], [122637000.0, 0.01723204]]},
{"timestamp": 1743938553024, "bids": [[122472000.0, 0.00244953], [122469000.0, 8.165e-05], [122452000.0, 8.166e-05], [122435000.0, 0.00130735], [122422000.0, 0.00057203], [122421000.0, 0.00057203], [122420000.0, 0.01026], [122417000.0, 0.00057205], [122411000.0, 8.169e-05], [122406000.0, 8.26e-05]], "asks": [[122480000.0, 0.00052253], [122481000.0, 0.00192887], [122500000.0, 0.00054051], [122556000.0, 0.0815712], [122574000.0, 0.027], [122611000.0, 0.0417], [122627000.0, 0.0311], [122628000.0, 0.00497481], [122637000.0, 0.01723204], [122644000.0, 0.12479999]]},
{"timestamp": 1743938553224, "bids": [[122472000.0, 0.00244953], [122469000.0, 8.165e-05], [122452000.0, 8.166e-05], [122435000.0, 0.00130735], [122422000.0, 0.00057203], [122421000.0, 0.00057203], [122420000.0, 0.01026], [122417000.0, 0.00057205], [122411000.0, 8.169e-05], [122406000.0, 8.26e-05]], "asks": [[122480000.0, 0.00052253], [122481000.0, 0.00192887], [122500000.0, 0.00054051], [122542000.0, 0.0054], [122556000.0, 0.0815712], [122574000.0, 0.027], [122611000.0, 0.0417], [122627000.0, 0.0311], [122628000.0, 0.00497481], [122637000.0, 0.01723204]]},
{"timestamp": 1743938553418, "bids": [[122472000.0, 0.00244953], [122469000.0, 8.165e-05], [122452000.0, 8.166e-05], [122435000.0, 0.00130735], [122422000.0, 0.00057203], [122421000.0, 0.00057203], [122420000.0, 0.01026], [122417000.0, 0.00057205], [122411000.0, 8.169e-05], [122406000.0, 8.26e-05]], "asks": [[122480000.0, 0.00052253], [122481000.0, 0.00192887], [122500000.0, 0.00054051], [122542000.0, 0.0054], [122556000.0, 0.0815712], [122574000.0, 0.027], [122611000.0, 0.0417], [122627000.0, 0.0311], [122628000.0, 0.00497481], [122637000.0, 0.01723204]]},
{"timestamp": 1743938553418, "bids": [[122472000.0, 0.00244953], [122469000.0, 8.165e-05], [122452000.0, 8.166e-05], [122435000.0, 0.00130735], [122422000.0, 0.00057203], [122421000.0, 0.00057203], [122420000.0, 0.01026], [122417000.0, 0.00057205], [122411000.0, 8.169e-05], [122406000.0, 8.26e-05]], "asks": [[122480000.0, 0.00052253], [122481000.0, 0.00192887], [122500000.0, 0.00054051], [122542000.0, 0.0054], [122553000.0, 0.00032626], [122556000.0, 0.0815712], [122574000.0, 0.027], [122611000.0, 0.0417], [122627000.0, 0.0311], [122628000.0, 0.00497481]]},
{"timestamp": 1743938553650, "bids": [[122472000.0, 0.00244953], [122469000.0, 8.165e-05], [122452000.0, 8.166e-05], [122435000.0, 0.00130735], [122422000.0, 0.00057203], [122421000.0, 0.00057203], [122420000.0, 0.01026], [122417000.0, 0.00057205], [122411000.0, 8.169e-05], [122406000.0, 8.26e-05]], "asks": [[122480000.0, 0.00052253], [122481000.0, 0.00192887], [122493000.0, 0.049837], [122500000.0, 0.00054051], [122542000.0, 0.0054], [122553000.0, 0.00032626], [122556000.0, 0.0815712], [122574000.0, 0.027], [122611000.0, 0.0417], [122627000.0, 0.0311]]},
{"timestamp": 1743938553828, "bids": [[122472000.0, 0.00244953], [122469000.0, 8.165e-05], [122452000.0, 8.166e-05], [122435000.0, 0.00130735], [122422000.0, 0.00057203], [122421000.0, 0.00057203], [122420000.0, 0.01026], [122417000.0, 0.00057205], [122411000.0, 8.169e-05], [122406000.0, 8.26e-05]], "asks": [[122480000.0, 0.00052253], [122481000.0, 0.00192887], [122493000.0, 0.049837], [122500000.0, 0.00054051], [122542000.0, 0.0054], [122553000.0, 0.00032626], [122556000.0, 0.0815712], [122574000.0, 0.027], [122611000.0, 0.0417], [122627000.0, 0.0311]]},
{"timestamp": 1743938553828, "bids": [[122472000.0, 0.00244953], [122469000.0, 8.165e-05], [122452000.0, 8.166e-05], [122435000.0, 0.00130735], [122422000.0, 0.00057203], [122421000.0, 0.00057203], [122420000.0, 0.01026], [122417000.0, 0.00057205], [122411000.0, 8.169e-05], [122406000.0, 8.26e-05]], "asks": [[122480000.0, 0.00052253], [122481000.0, 0.00192887], [122493000.0, 0.049837], [122500000.0, 0.00054051], [122542000.0, 0.0054], [122553000.0, 0.00032626], [122556000.0, 0.0815712], [122611000.0, 0.0417], [122627000.0, 0.0311], [122628000.0, 0.00497481]]},
{"timestamp": 1743938554177, "bids": [[122472000.0, 0.00244953], [122469000.0, 8.165e-05], [122452000.0, 8.166e-05], [122435000.0, 0.00130735], [122422000.0, 0.00057203], [122421000.0, 0.00057203], [122420000.0, 0.01026], [122417000.0, 0.00057205], [122411000.0, 8.169e-05], [122406000.0, 8.26e-05]], "asks": [[122480000.0, 0.00052253], [122481000.0, 0.00192887], [122493000.0, 0.049837], [122500000.0, 0.00054051], [122542000.0, 0.0054], [122549000.0, 0.02412], [122553000.0, 0.00032626], [122556000.0, 0.0815712], [122611000.0, 0.0417], [122627000.0, 0.0311]]},
{"timestamp": 1743938554338, "bids": [[122472000.0, 0.00244953], [122469000.0, 8.165e-05], [122452000.0, 8.166e-05], [122435000.0, 0.00130735], [122422000.0, 0.00057203], [122421000.0, 0.00057203], [122420000.0, 0.01026], [122417000.0, 0.00057205], [122411000.0, 8.169e-05], [122406000.0, 8.26e-05]], "asks": [[122480000.0, 0.00052253], [122481000.0, 0.00192887], [122500000.0, 0.00054051], [122542000.0, 0.0054], [122549000.0, 0.02412], [122553000.0, 0.00032626], [122556000.0, 0.0815712], [122611000.0, 0.0417], [122627000.0, 0.0311], [122628000.0, 0.00497481]]},
{"timestamp": 1743938554951, "bids": [[122472000.0, 0.00244953], [122469000.0, 8.165e-05], [122452000.0, 8.166e-05], [122435000.0, 0.00130735], [122422000.0, 0.00057203], [122421000.0, 0.00057203], [122420000.0, 0.01026], [122417000.0, 0.00057205], [122411000.0, 8.169e-05], [122406000.0, 8.26e-05]], "asks": [[122480000.0, 0.00052253], [122481000.0, 0.00192887], [122492000.0, 0.049837], [122500000.0, 0.00054051], [122542000.0, 0.0054], [122549000.0, 0.02412], [122553000.0, 0.00032626], [122556000.0, 0.0815712], [122611000.0, 0.0417], [122627000.0, 0.0311]]},
{"timestamp": 1743938555115, "bids": [[122472000.0, 0.00244953], [122469000.0, 8.165e-05], [122452000.0, 8.166e-05], [122435000.0, 0.00130735], [122422000.0, 0.00057203], [122421000.0, 0.00057203], [122420000.0, 0.01026], [122417000.0, 0.00057205], [122411000.0, 8.169e-05], [122406000.0, 8.26e-05]], "asks": [[122480000.0, 0.00052253], [122481000.0, 0.00192887], [122500000.0, 0.00054051], [122542000.0, 0.0054], [122549000.0, 0.02412], [122553000.0, 0.00032626], [122556000.0, 0.0815712], [122611000.0, 0.0417], [122627000.0, 0.0311], [122628000.0, 0.00497481]]},
{"timestamp": 1743938555319, "bids": [[122472000.0, 0.00244953], [122469000.0, 8.165e-05], [122452000.0, 8.166e-05], [122435000.0, 0.00130735], [122422000.0, 0.00057203], [122421000.0, 0.00057203], [122420000.0, 0.01026], [122417000.0, 0.00057205], [122411000.0, 8.169e-05], [122406000.0, 8.26e-05]], "asks": [[122480000.0, 0.00052253], [122481000.0, 0.00192887], [122500000.0, 0.00054051], [122542000.0, 0.0054], [122549000.0, 0.02412], [122553000.0, 0.00032626], [122556000.0, 0.0815712], [122574000.0, 0.027], [122611000.0, 0.0417], [122627000.0, 0.0311]]},
{"timestamp": 1743938555743, "bids": [[122472000.0, 0.00244953], [122469000.0, 8.165e-05], [122452000.0, 8.166e-05], [122435000.0, 0.00130735], [122422000.0, 0.00057203], [122421000.0, 0.00057203], [122420000.0, 0.01026], [122417000.0, 0.00057205], [122411000.0, 8.169e-05], [122406000.0, 8.26e-05]], "asks": [[122480000.0, 0.00052253], [122481000.0, 0.00192887], [122491000.0, 0.049837], [122500000.0, 0.00054051], [122542000.0, 0.0054], [122549000.0, 0.02412], [122553000.0, 0.00032626], [122556000.0, 0.0815712], [122574000.0, 0.027], [122611000.0, 0.0417]]},
{"timestamp": 1743938555743, "bids": [[122472000.0, 0.00244953], [122469000.0, 8.165e-05], [122452000.0, 8.166e-05], [122435000.0, 0.00130735], [122422000.0, 0.00057203], [122421000.0, 0.00057203], [122420000.0, 0.01026], [122417000.0, 0.00057205], [122411000.0, 8.169e-05], [122406000.0, 8.26e-05]], "asks": [[122480000.0, 0.00052253], [122481000.0, 0.00192887], [122491000.0, 0.049837], [122500000.0, 0.00054051], [122542000.0, 0.0054], [122549000.0, 0.02412], [122553000.0, 0.00032626], [122556000.0, 0.0815712], [122574000.0, 0.027], [122611000.0, 0.0417]]},
{"timestamp": 1743938555743, "bids": [[122472000.0, 0.00244953], [122469000.0, 8.165e-05], [122452000.0, 8.166e-05], [122435000.0, 0.00130735], [122422000.0, 0.00057203], [122421000.0, 0.00057203], [122420000.0, 0.01026], [122417000.0, 0.00057205], [122411000.0, 8.169e-05], [122406000.0, 8.26e-05]], "asks": [[122480000.0, 0.00052253], [122481000.0, 0.00192887], [122491000.0, 0.049837], [122500000.0, 0.00054051], [122542000.0, 0.0054], [122549000.0, 0.02412], [122553000.0, 0.00032626], [122556000.0, 0.0815712], [122574000.0, 0.027], [122611000.0, 0.0417]]},
{"timestamp": 1743938555957, "bids": [[122472000.0, 0.00244953], [122469000.0, 8.165e-05], [122452000.0, 8.166e-05], [122435000.0, 0.00130735], [122422000.0, 0.00057203], [122421000.0, 0.00057203], [122420000.0, 0.01026], [122417000.0, 0.00057205], [122411000.0, 8.169e-05], [122406000.0, 8.26e-05]], "asks": [[122480000.0, 0.00052253], [122481000.0, 0.00192887], [122491000.0, 0.049837], [122500000.0, 0.00054051], [122542000.0, 0.0054], [122549000.0, 0.02412], [122553000.0, 0.00032626], [122556000.0, 0.0815712], [122574000.0, 0.027], [122627000.0, 0.0311]]},
{"timestamp": 1743938556869, "bids": [[122472000.0, 0.00244953], [122469000.0, 8.165e-05], [122452000.0, 8.166e-05], [122435000.0, 0.00130735], [122422000.0, 0.00057203], [122421000.0, 0.00057203], [122420000.0, 0.01026], [122417000.0, 0.00057205], [122411000.0, 8.169e-05], [122406000.0, 8.26e-05]], "asks": [[122480000.0, 0.00052253], [122481000.0, 0.00192887], [122491000.0, 0.049837], [122500000.0, 0.00054051], [122542000.0, 0.0054], [122549000.0, 0.02412], [122553000.0, 0.00032626], [122556000.0, 0.0815712], [122574000.0, 0.027], [122628000.0, 0.00497481]]},
{"timestamp": 1743938557048, "bids": [[122472000.0, 0.00244953], [122469000.0, 8.165e-05], [122452000.0, 8.166e-05], [122435000.0, 0.00130735], [122422000.0, 0.00057203], [122421000.0, 0.00057203], [122420000.0, 0.01026], [122417000.0, 0.00057205], [122411000.0, 8.169e-05], [122406000.0, 8.26e-05]], "asks": [[122480000.0, 0.00052253], [122481000.0, 0.00192887], [122491000.0, 0.049837], [122500000.0, 0.00054051], [122542000.0, 0.0054], [122549000.0, 0.02412], [122552000.0, 0.0311], [122553000.0, 0.00032626], [122556000.0, 0.0815712], [122574000.0, 0.027]]},
{"timestamp": 1743938557206, "bids": [[122472000.0, 0.00244953], [122469000.0, 8.165e-05], [122452000.0, 8.166e-05], [122435000.0, 0.00130735], [122422000.0, 0.00057203], [122421000.0, 0.00057203], [122420000.0, 0.01026], [122417000.0, 0.00057205], [122411000.0, 8.169e-05], [122406000.0, 8.26e-05]], "asks": [[122480000.0, 0.00052253], [122481000.0, 0.00192887], [122500000.0, 0.00054051], [122542000.0, 0.0054], [122549000.0, 0.02412], [122552000.0, 0.0311], [122553000.0, 0.00032626], [122556000.0, 0.0815712], [122574000.0, 0.027], [122628000.0, 0.00497481]]},
{"timestamp": 1743938557610, "bids": [[122472000.0, 0.00244953], [122469000.0, 8.165e-05], [122452000.0, 8.166e-05], [122435000.0, 0.00130735], [122422000.0, 0.00057203], [122421000.0, 0.00057203], [122420000.0, 0.01026], [122417000.0, 0.00057205], [122411000.0, 8.169e-05], [122406000.0, 8.26e-05]], "asks": [[122480000.0, 0.00052253], [122481000.0, 0.00192887], [122500000.0, 0.00054051], [122542000.0, 0.0054], [122552000.0, 0.0311], [122553000.0, 0.00032626], [122556000.0, 0.0815712], [122574000.0, 0.027], [122628000.0, 0.00497481], [122637000.0, 0.01723204]]},
{"timestamp": 1743938557800, "bids": [[122472000.0, 0.00244953], [122469000.0, 8.165e-05], [122452000.0, 8.166e-05], [122435000.0, 0.00130735], [122422000.0, 0.00057203], [122421000.0, 0.00057203], [122420000.0, 0.01026], [122417000.0, 0.00057205], [122411000.0, 8.169e-05], [122406000.0, 8.26e-05]], "asks": [[122480000.0, 0.00052253], [122481000.0, 0.00192887], [122493000.0, 0.049837], [122500000.0, 0.00054051], [122542000.0, 0.0054], [122552000.0, 0.0311], [122553000.0, 0.00032626], [122556000.0, 0.0815712], [122574000.0, 0.027], [122628000.0, 0.00497481]]},
{"timestamp": 1743938558049, "bids": [[122472000.0, 0.00244953], [122469000.0, 8.165e-05], [122452000.0, 8.166e-05], [122435000.0, 0.00130735], [122422000.0, 0.00057203], [122421000.0, 0.00057203], [122420000.0, 0.01026], [122417000.0, 0.00057205], [122411000.0, 8.169e-05], [122406000.0, 8.26e-05]], "asks": [[122480000.0, 0.00052253], [122481000.0, 0.00192887], [122493000.0, 0.049837], [122500000.0, 0.00054051], [122532000.0, 0.00486], [122542000.0, 0.0054], [122552000.0, 0.0311], [122553000.0, 0.00032626], [122556000.0, 0.0815712], [122574000.0, 0.027]]},
{"timestamp": 1743938558301, "bids": [[122472000.0, 0.00244953], [122469000.0, 8.165e-05], [122452000.0, 8.166e-05], [122435000.0, 0.00130735], [122422000.0, 0.00057203], [122421000.0, 0.00057203], [122420000.0, 0.01026], [122417000.0, 0.00057205], [122411000.0, 8.169e-05], [122406000.0, 8.26e-05]], "asks": [[122480000.0, 0.00052253], [122481000.0, 0.00192887], [122500000.0, 0.00054051], [122532000.0, 0.00486], [122542000.0, 0.0054], [122552000.0, 0.0311], [122553000.0, 0.00032626], [122556000.0, 0.0815712], [122574000.0, 0.027], [122628000.0, 0.00497481]]},
{"timestamp": 1743938558808, "bids": [[122472000.0, 0.00244953], [122469000.0, 8.165e-05], [122452000.0, 8.166e-05], [122435000.0, 0.00130735], [122422000.0, 0.00057203], [122421000.0, 0.00057203], [122420000.0, 0.01026], [122417000.0, 0.00057205], [122411000.0, 8.169e-05], [122406000.0, 8.26e-05]], "asks": [[122480000.0, 0.00052253], [122481000.0, 0.00192887], [122492000.0, 0.049837], [122500000.0, 0.00054051], [122532000.0, 0.00486], [122542000.0, 0.0054], [122552000.0, 0.0311], [122553000.0, 0.00032626], [122556000.0, 0.0815712], [122574000.0, 0.027]]},
{"timestamp": 1743938559095, "bids": [[122472000.0, 0.00244953], [122469000.0, 8.165e-05], [122452000.0, 8.166e-05], [122435000.0, 0.00130735], [122422000.0, 0.00057203], [122421000.0, 0.00057203], [122420000.0, 0.01026], [122417000.0, 0.00057205], [122411000.0, 8.169e-05], [122406000.0, 8.26e-05]], "asks": [[122480000.0, 0.00052253], [122481000.0, 0.00192887], [122500000.0, 0.00054051], [122532000.0, 0.00486], [122542000.0, 0.0054], [122552000.0, 0.0311], [122553000.0, 0.00032626], [122556000.0, 0.0815712], [122574000.0, 0.027], [122628000.0, 0.00497481]]},
{"timestamp": 1743938559653, "bids": [[122472000.0, 0.00244953], [122469000.0, 8.165e-05], [122452000.0, 8.166e-05], [122435000.0, 0.00130735], [122422000.0, 0.00057203], [122421000.0, 0.00057203], [122420000.0, 0.01026], [122417000.0, 0.00057205], [122411000.0, 8.169e-05], [122406000.0, 8.26e-05]], "asks": [[122480000.0, 0.00052253], [122481000.0, 0.00192887], [122495000.0, 0.049837], [122500000.0, 0.00054051], [122532000.0, 0.00486], [122542000.0, 0.0054], [122552000.0, 0.0311], [122553000.0, 0.00032626], [122556000.0, 0.0815712], [122574000.0, 0.027]]},
{"timestamp": 1743938559653, "bids": [[122472000.0, 0.00244953], [122469000.0, 8.165e-05], [122452000.0, 8.166e-05], [122435000.0, 0.00130735], [122422000.0, 0.00057203], [122421000.0, 0.00057203], [122420000.0, 0.01026], [122417000.0, 0.00057205], [122411000.0, 8.169e-05], [122406000.0, 8.26e-05]], "asks": [[122480000.0, 0.00052253], [122481000.0, 0.00192887], [122495000.0, 0.049837], [122500000.0, 0.00054051], [122532000.0, 0.00486], [122539000.0, 0.01974], [122542000.0, 0.0054], [122552000.0, 0.0311], [122553000.0, 0.00032626], [122556000.0, 0.0815712]]},
{"timestamp": 1743938559817, "bids": [[122472000.0, 0.00244953], [122469000.0, 8.165e-05], [122452000.0, 8.166e-05], [122435000.0, 0.00130735], [122422000.0, 0.00057203], [122421000.0, 0.00057203], [122420000.0, 0.01026], [122417000.0, 0.00057205], [122411000.0, 8.169e-05], [122406000.0, 8.26e-05]], "asks": [[122480000.0, 0.00052253], [122481000.0, 0.00192887], [122495000.0, 0.049837], [122500000.0, 0.00054051], [122532000.0, 0.00486], [122539000.0, 0.01974], [122542000.0, 0.0054], [122552000.0, 0.0311], [122553000.0, 0.00032626], [122556000.0, 0.0815712]]},
{"timestamp": 1743938560040, "bids": [[122472000.0, 0.00244953], [122469000.0, 8.165e-05], [122452000.0, 8.166e-05], [122435000.0, 0.00130735], [122422000.0, 0.00057203], [122421000.0, 0.00057203], [122420000.0, 0.01026], [122417000.0, 0.00057205], [122411000.0, 8.169e-05], [122406000.0, 8.26e-05]], "asks": [[122480000.0, 0.00052253], [122481000.0, 0.00192887], [122495000.0, 0.049837], [122500000.0, 0.00054051], [122532000.0, 0.00486], [122539000.0, 0.01974], [122542000.0, 0.0054], [122552000.0, 0.0311], [122553000.0, 0.00032626], [122556000.0, 0.0815712]]},
{"timestamp": 1743938560842, "bids": [[122472000.0, 0.00244953], [122469000.0, 8.165e-05], [122452000.0, 8.166e-05], [122435000.0, 0.00130735], [122422000.0, 0.00057203], [122421000.0, 0.00057203], [122420000.0, 0.01026], [122417000.0, 0.00057205], [122411000.0, 8.169e-05], [122406000.0, 8.26e-05]], "asks": [[122480000.0, 0.00052253], [122481000.0, 0.00192887], [122500000.0, 0.00054051], [122532000.0, 0.00486], [122539000.0, 0.01974], [122542000.0, 0.0054], [122552000.0, 0.0311], [122553000.0, 0.00032626], [122556000.0, 0.0815712], [122574000.0, 0.027]]},
{"timestamp": 1743938561413, "bids": [[122472000.0, 0.00244953], [122469000.0, 8.165e-05], [122452000.0, 8.166e-05], [122435000.0, 0.00130735], [122422000.0, 0.00057203], [122421000.0, 0.00057203], [122420000.0, 0.01026], [122417000.0, 0.00057205], [122411000.0, 8.169e-05], [122406000.0, 8.26e-05]], "asks": [[122480000.0, 0.00052253], [122481000.0, 0.00192887], [122494000.0, 0.049837], [122500000.0, 0.00054051], [122532000.0, 0.00486], [122539000.0, 0.01974], [122542000.0, 0.0054], [122552000.0, 0.0311], [122553000.0, 0.00032626], [122556000.0, 0.0815712]]},
{"timestamp": 1743938561413, "bids": [[122472000.0, 0.00244953], [122469000.0, 8.165e-05], [122452000.0, 8.166e-05], [122435000.0, 0.00130735], [122422000.0, 0.00057203], [122421000.0, 0.00057203], [122420000.0, 0.01026], [122417000.0, 0.00057205], [122411000.0, 8.169e-05], [122406000.0, 8.26e-05]], "asks": [[122480000.0, 0.00052253], [122481000.0, 0.00192887], [122494000.0, 0.049837], [122500000.0, 0.00054051], [122532000.0, 0.00486], [122542000.0, 0.0054], [122552000.0, 0.0311], [122553000.0, 0.00032626], [122556000.0, 0.0815712], [122574000.0, 0.027]]},
{"timestamp": 1743938561413, "bids": [[122472000.0, 0.00244953], [122469000.0, 8.165e-05], [122452000.0, 8.166e-05], [122435000.0, 0.00130735], [122422000.0, 0.00057203], [122421000.0, 0.00057203], [122420000.0, 0.01026], [122417000.0, 0.00057205], [122411000.0, 8.169e-05], [122406000.0, 8.26e-05]], "asks": [[122480000.0, 0.00052253], [122481000.0, 0.00192887], [122494000.0, 0.049837], [122500000.0, 0.00054051], [122532000.0, 0.00486], [122552000.0, 0.0311], [122553000.0, 0.00032626], [122556000.0, 0.0815712], [122574000.0, 0.027], [122611000.0, 0.0417]]},
{"timestamp": 1743938561616, "bids": [[122472000.0, 0.00244953], [122469000.0, 8.165e-05], [122452000.0, 8.166e-05], [122435000.0, 0.00130735], [122422000.0, 0.00057203], [122421000.0, 0.00057203], [122420000.0, 0.01026], [122417000.0, 0.00057205], [122411000.0, 8.169e-05], [122406000.0, 8.26e-05]], "asks": [[122480000.0, 0.00052253], [122481000.0, 0.00192887], [122494000.0, 0.049837], [122500000.0, 0.00054051], [122522000.0, 0.0054], [122532000.0, 0.00486], [122552000.0, 0.0311], [122553000.0, 0.00032626], [122556000.0, 0.0815712], [122574000.0, 0.027]]},
{"timestamp": 1743938561820, "bids": [[122472000.0, 0.00244953], [122469000.0, 8.165e-05], [122452000.0, 8.166e-05], [122435000.0, 0.00130735], [122422000.0, 0.00057203], [122421000.0, 0.00057203], [122420000.0, 0.01026], [122417000.0, 0.00057205], [122411000.0, 8.169e-05], [122406000.0, 8.26e-05]], "asks": [[122480000.0, 0.00052253], [122481000.0, 0.00192887], [122500000.0, 0.00054051], [122522000.0, 0.0054], [122532000.0, 0.00486], [122552000.0, 0.0311], [122553000.0, 0.00032626], [122556000.0, 0.0815712], [122574000.0, 0.027], [122611000.0, 0.0417]]},
{"timestamp": 1743938561820, "bids": [[122472000.0, 0.00244953], [122469000.0, 8.165e-05], [122452000.0, 8.166e-05], [122435000.0, 0.00130735], [122422000.0, 0.00057203], [122421000.0, 0.00057203], [122420000.0, 0.01026], [122417000.0, 0.00057205], [122411000.0, 8.169e-05], [122406000.0, 8.26e-05]], "asks": [[122480000.0, 0.00052253], [122481000.0, 0.00192887], [122500000.0, 0.00054051], [122522000.0, 0.0054], [122552000.0, 0.0311], [122553000.0, 0.00032626], [122556000.0, 0.0815712], [122574000.0, 0.027], [122611000.0, 0.0417], [122628000.0, 0.00497481]]},
{"timestamp": 1743938562022, "bids": [[122472000.0, 0.00244953], [122469000.0, 8.165e-05], [122452000.0, 8.166e-05], [122435000.0, 0.00130735], [122422000.0, 0.00057203], [122421000.0, 0.00057203], [122420000.0, 0.01026], [122417000.0, 0.00057205], [122411000.0, 8.169e-05], [122406000.0, 8.26e-05]], "asks": [[122480000.0, 0.00052253], [122481000.0, 0.00192887], [122500000.0, 0.00054051], [122552000.0, 0.0311], [122553000.0, 0.00032626], [122556000.0, 0.0815712], [122574000.0, 0.027], [122611000.0, 0.0417], [122628000.0, 0.00497481], [122637000.0, 0.01723204]]},
{"timestamp": 1743938562287, "bids": [[122472000.0, 0.00244953], [122469000.0, 8.165e-05], [122452000.0, 8.166e-05], [122435000.0, 0.00130735], [122422000.0, 0.00057203], [122421000.0, 0.00057203], [122420000.0, 0.01026], [122417000.0, 0.00057205], [122411000.0, 8.169e-05], [122406000.0, 8.26e-05]], "asks": [[122480000.0, 0.00052253], [122481000.0, 0.00192887], [122500000.0, 0.00054051], [122552000.0, 0.0311], [122553000.0, 0.00032626], [122556000.0, 0.0815712], [122574000.0, 0.027], [122611000.0, 0.0417], [122628000.0, 0.00497481], [122637000.0, 0.01723204]]},
{"timestamp": 1743938562287, "bids": [[122472000.0, 0.00244953], [122469000.0, 8.165e-05], [122452000.0, 8.166e-05], [122435000.0, 0.00130735], [122422000.0, 0.00057203], [122421000.0, 0.00057203], [122420000.0, 0.01026], [122417000.0, 0.00057205], [122411000.0, 8.169e-05], [122406000.0, 8.26e-05]], "asks": [[122480000.0, 0.00052253], [122481000.0, 0.00192887], [122493000.0, 0.049837], [122500000.0, 0.00054051], [122552000.0, 0.0311], [122553000.0, 0.00032626], [122556000.0, 0.0815712], [122574000.0, 0.027], [122611000.0, 0.0417], [122628000.0, 0.00497481]]},
{"timestamp": 1743938562441, "bids": [[122472000.0, 0.00244953], [122469000.0, 8.165e-05], [122452000.0, 8.166e-05], [122435000.0, 0.00130735], [122422000.0, 0.00057203], [122421000.0, 0.00057203], [122420000.0, 0.01026], [122417000.0, 0.00057205], [122411000.0, 8.169e-05], [122406000.0, 8.26e-05]], "asks": [[122480000.0, 0.00052253], [122481000.0, 0.00192887], [122493000.0, 0.049837], [122500000.0, 0.00054051], [122552000.0, 0.0311], [122553000.0, 0.00032626], [122556000.0, 0.0815712], [122574000.0, 0.027], [122611000.0, 0.0417], [122628000.0, 0.00497481]]},
{"timestamp": 1743938562624, "bids": [[122472000.0, 0.00244953], [122469000.0, 8.165e-05], [122452000.0, 8.166e-05], [122435000.0, 0.00130735], [122422000.0, 0.00057203], [122421000.0, 0.00057203], [122420000.0, 0.01026], [122417000.0, 0.00057205], [122411000.0, 8.169e-05], [122406000.0, 8.26e-05]], "asks": [[122480000.0, 0.00052253], [122481000.0, 0.00192887], [122500000.0, 0.00054051], [122552000.0, 0.0311], [122553000.0, 0.00032626], [122556000.0, 0.0815712], [122574000.0, 0.027], [122611000.0, 0.0417], [122628000.0, 0.00497481], [122637000.0, 0.01723204]]},
{"timestamp": 1743938563006, "bids": [[122472000.0, 0.00244953], [122469000.0, 8.165e-05], [122452000.0, 8.166e-05], [122435000.0, 0.00130735], [122422000.0, 0.00057203], [122421000.0, 0.00057203], [122420000.0, 0.01026], [122417000.0, 0.00057205], [122411000.0, 8.169e-05], [122406000.0, 8.26e-05]], "asks": [[122480000.0, 0.00052253], [122481000.0, 0.00192887], [122500000.0, 0.00054051], [122552000.0, 0.0311], [122553000.0, 0.00032626], [122556000.0, 0.0815712], [122574000.0, 0.027], [122611000.0, 0.0417], [122628000.0, 0.00497481], [122637000.0, 0.01723204]]},
{"timestamp": 1743938563227, "bids": [[122472000.0, 0.00244953], [122469000.0, 8.165e-05], [122452000.0, 8.166e-05], [122435000.0, 0.00130735], [122422000.0, 0.00057203], [122421000.0, 0.00057203], [122420000.0, 0.01026], [122417000.0, 0.00057205], [122411000.0, 8.169e-05], [122406000.0, 8.26e-05]], "asks": [[122480000.0, 0.00052253], [122481000.0, 0.00192887], [122492000.0, 0.049837], [122500000.0, 0.00054051], [122552000.0, 0.0311], [122553000.0, 0.00032626], [122556000.0, 0.0815712], [122574000.0, 0.027], [122611000.0, 0.0417], [122628000.0, 0.00497481]]},
{"timestamp": 1743938563227, "bids": [[122472000.0, 0.00244953], [122469000.0, 8.165e-05], [122452000.0, 8.166e-05], [122435000.0, 0.00130735], [122422000.0, 0.00057203], [122421000.0, 0.00057203], [122420000.0, 0.01026], [122417000.0, 0.00057205], [122411000.0, 8.169e-05], [122406000.0, 8.26e-05]], "asks": [[122480000.0, 0.00052253], [122481000.0, 0.00192887], [122492000.0, 0.049837], [122500000.0, 0.00054051], [122542000.0, 0.00558], [122552000.0, 0.0311], [122553000.0, 0.00032626], [122556000.0, 0.0815712], [122574000.0, 0.027], [122611000.0, 0.0417]]},
{"timestamp": 1743938563227, "bids": [[122472000.0, 0.00244953], [122469000.0, 8.165e-05], [122452000.0, 8.166e-05], [122435000.0, 0.00130735], [122422000.0, 0.00057203], [122421000.0, 0.00057203], [122420000.0, 0.01026], [122417000.0, 0.00057205], [122411000.0, 8.169e-05], [122406000.0, 8.26e-05]], "asks": [[122480000.0, 0.00052253], [122481000.0, 0.00192887], [122492000.0, 0.049837], [122500000.0, 0.00054051], [122542000.0, 0.00558], [122552000.0, 0.0311], [122553000.0, 0.00032626], [122556000.0, 0.0815712], [122574000.0, 0.027], [122611000.0, 0.0417]]},
{"timestamp": 1743938563227, "bids": [[122472000.0, 0.00244953], [122469000.0, 8.165e-05], [122452000.0, 8.166e-05], [122435000.0, 0.00130735], [122422000.0, 0.00057203], [122421000.0, 0.00057203], [122420000.0, 0.01026], [122417000.0, 0.00057205], [122411000.0, 8.169e-05], [122406000.0, 8.26e-05]], "asks": [[122480000.0, 0.00052253], [122481000.0, 0.00192887], [122492000.0, 0.049837], [122500000.0, 0.00054051], [122542000.0, 0.00558], [122552000.0, 0.0311], [122553000.0, 0.00032626], [122556000.0, 0.0815712], [122574000.0, 0.027], [122611000.0, 0.0417]]},
{"timestamp": 1743938563418, "bids": [[122472000.0, 0.00244953], [122469000.0, 8.165e-05], [122452000.0, 8.166e-05], [122435000.0, 0.00130735], [122422000.0, 0.00057203], [122421000.0, 0.00057203], [122420000.0, 0.01026], [122417000.0, 0.00057205], [122411000.0, 8.169e-05], [122406000.0, 8.26e-05]], "asks": [[122480000.0, 0.00052253], [122481000.0, 0.00192887], [122492000.0, 0.049837], [122500000.0, 0.00054051], [122542000.0, 0.00558], [122552000.0, 0.0311], [122553000.0, 0.00032626], [122556000.0, 0.0815712], [122574000.0, 0.027], [122611000.0, 0.0417]]},
{"timestamp": 1743938563612, "bids": [[122472000.0, 0.00244953], [122469000.0, 8.165e-05], [122452000.0, 8.166e-05], [122435000.0, 0.00130735], [122422000.0, 0.00057203], [122421000.0, 0.00057203], [122420000.0, 0.01026], [122417000.0, 0.00057205], [122411000.0, 8.169e-05], [122406000.0, 8.26e-05]], "asks": [[122480000.0, 0.00052253], [122481000.0, 0.00192887], [122492000.0, 0.049837], [122500000.0, 0.00054051], [122542000.0, 0.00558], [122552000.0, 0.0311], [122553000.0, 0.00032626], [122556000.0, 0.0815712], [122574000.0, 0.027], [122611000.0, 0.0417]]},
{"timestamp": 1743938563612, "bids": [[122472000.0, 0.00244953], [122469000.0, 8.165e-05], [122452000.0, 8.166e-05], [122435000.0, 0.00130735], [122422000.0, 0.00057203], [122421000.0, 0.00057203], [122420000.0, 0.01026], [122417000.0, 0.00057205], [122411000.0, 8.169e-05], [122406000.0, 8.26e-05]], "asks": [[122480000.0, 0.00052253], [122481000.0, 0.00192887], [122500000.0, 0.00054051], [122542000.0, 0.00558], [122552000.0, 0.0311], [122553000.0, 0.00032626], [122556000.0, 0.0815712], [122574000.0, 0.027], [122611000.0, 0.0417], [122637000.0, 0.01723204]]},
{"timestamp": 1743938563612, "bids": [[122472000.0, 0.00244953], [122469000.0, 8.165e-05], [122452000.0, 8.166e-05], [122435000.0, 0.00130735], [122422000.0, 0.00057203], [122421000.0, 0.00057203], [122420000.0, 0.01026], [122417000.0, 0.00057205], [122411000.0, 8.169e-05], [122406000.0, 8.26e-05]], "asks": [[122480000.0, 0.00052253], [122500000.0, 0.00054051], [122542000.0, 0.00558], [122552000.0, 0.0311], [122553000.0, 0.00032626], [122556000.0, 0.0815712], [122574000.0, 0.027], [122611000.0, 0.0417], [122637000.0, 0.01723204], [122644000.0, 0.12479999]]},
{"timestamp": 1743938563612, "bids": [[122472000.0, 0.00244953], [122469000.0, 8.165e-05], [122452000.0, 8.166e-05], [122435000.0, 0.00130735], [122422000.0, 0.00057203], [122421000.0, 0.00057203], [122420000.0, 0.01026], [122417000.0, 0.00057205], [122411000.0, 8.169e-05], [122406000.0, 8.26e-05]], "asks": [[122480000.0, 0.00052253], [122500000.0, 0.00054051], [122542000.0, 0.00558], [122552000.0, 0.0311], [122553000.0, 0.00032626], [122556000.0, 0.0815712], [122574000.0, 0.027], [122611000.0, 0.0417], [122644000.0, 0.12479999], [122648000.0, 0.00032601]]},
{"timestamp": 1743938563934, "bids": [[122472000.0, 0.00244953], [122469000.0, 8.165e-05], [122452000.0, 8.166e-05], [122435000.0, 0.00130735], [122422000.0, 0.00057203], [122421000.0, 0.00057203], [122420000.0, 0.01026], [122417000.0, 0.00057205], [122411000.0, 8.169e-05], [122406000.0, 8.26e-05]], "asks": [[122480000.0, 0.00052253], [122500000.0, 0.00054051], [122542000.0, 0.00558], [122552000.0, 0.0311], [122553000.0, 0.00032626], [122556000.0, 0.0815712], [122574000.0, 0.027], [122611000.0, 0.0417], [122644000.0, 0.12479999], [122648000.0, 0.00032601]]},
{"timestamp": 1743938564242, "bids": [[122472000.0, 0.00244953], [122469000.0, 8.165e-05], [122452000.0, 8.166e-05], [122435000.0, 0.00130735], [122422000.0, 0.00057203], [122421000.0, 0.00057203], [122420000.0, 0.01026], [122417000.0, 0.00057205], [122411000.0, 8.169e-05], [122406000.0, 8.26e-05]], "asks": [[122480000.0, 0.00052253], [122495000.0, 0.049837], [122500000.0, 0.00054051], [122542000.0, 0.00558], [122552000.0, 0.0311], [122553000.0, 0.00032626], [122556000.0, 0.0815712], [122574000.0, 0.027], [122611000.0, 0.0417], [122644000.0, 0.12479999]]},
{"timestamp": 1743938564361, "bids": [[122472000.0, 0.00244953], [122469000.0, 8.165e-05], [122452000.0, 8.166e-05], [122435000.0, 0.00130735], [122422000.0, 0.00057203], [122421000.0, 0.00057203], [122420000.0, 0.01026], [122417000.0, 0.00057205], [122411000.0, 8.169e-05], [122406000.0, 8.26e-05]], "asks": [[122480000.0, 0.00052253], [122495000.0, 0.049837], [122500000.0, 0.00054051], [122510000.0, 0.0021877], [122542000.0, 0.00558], [122552000.0, 0.0311], [122553000.0, 0.00032626], [122556000.0, 0.0815712], [122574000.0, 0.027], [122611000.0, 0.0417]]},
{"timestamp": 1743938564361, "bids": [[122472000.0, 0.00244953], [122469000.0, 8.165e-05], [122452000.0, 8.166e-05], [122435000.0, 0.00130735], [122422000.0, 0.00057203], [122421000.0, 0.00057203], [122420000.0, 0.01026], [122417000.0, 0.00057205], [122411000.0, 8.169e-05], [122406000.0, 8.26e-05]], "asks": [[122480000.0, 0.00052253], [122495000.0, 0.049837], [122500000.0, 0.00054051], [122510000.0, 0.0021877], [122542000.0, 0.00558], [122552000.0, 0.0311], [122553000.0, 0.00032626], [122556000.0, 0.0815712], [122574000.0, 0.027], [122611000.0, 0.0417]]},
{"timestamp": 1743938564508, "bids": [[122472000.0, 0.00244953], [122469000.0, 8.165e-05], [122452000.0, 8.166e-05], [122435000.0, 0.00130735], [122422000.0, 0.00057203], [122421000.0, 0.00057203], [122420000.0, 0.01026], [122417000.0, 0.00057205], [122411000.0, 8.169e-05], [122406000.0, 8.26e-05]], "asks": [[122480000.0, 0.00052253], [122500000.0, 0.00054051], [122510000.0, 0.0021877], [122542000.0, 0.00558], [122552000.0, 0.0311], [122553000.0, 0.00032626], [122556000.0, 0.0815712], [122574000.0, 0.027], [122611000.0, 0.0417], [122644000.0, 0.12479999]]},
{"timestamp": 1743938564508, "bids": [[122472000.0, 0.00244953], [122469000.0, 8.165e-05], [122452000.0, 8.166e-05], [122435000.0, 0.00130735], [122422000.0, 0.00057203], [122421000.0, 0.00057203], [122420000.0, 0.01026], [122417000.0, 0.00057205], [122411000.0, 8.169e-05], [122406000.0, 8.26e-05]], "asks": [[122480000.0, 0.00052253], [122500000.0, 0.00054051], [122510000.0, 0.0021877], [122542000.0, 0.00558], [122552000.0, 0.0311], [122553000.0, 0.00032626], [122556000.0, 0.0815712], [122611000.0, 0.0417], [122644000.0, 0.12479999], [122648000.0, 0.00032601]]},
{"timestamp": 1743938564721, "bids": [[122472000.0, 0.00244953], [122469000.0, 8.165e-05], [122452000.0, 8.166e-05], [122435000.0, 0.00130735], [122422000.0, 0.00057203], [122421000.0, 0.00057203], [122420000.0, 0.01026], [122417000.0, 0.00057205], [122411000.0, 8.169e-05], [122406000.0, 8.26e-05]], "asks": [[122480000.0, 0.00052253], [122500000.0, 0.00054051], [122510000.0, 0.0021877], [122542000.0, 0.00558], [122552000.0, 0.0311], [122553000.0, 0.00032626], [122556000.0, 0.0815712], [122611000.0, 0.0417], [122644000.0, 0.12479999], [122648000.0, 0.00032601]]},
{"timestamp": 1743938564978, "bids": [[122472000.0, 0.00244953], [122469000.0, 8.165e-05], [122452000.0, 8.166e-05], [122435000.0, 0.00130735], [122422000.0, 0.00057203], [122421000.0, 0.00057203], [122420000.0, 0.01026], [122417000.0, 0.00057205], [122411000.0, 8.169e-05], [122406000.0, 8.26e-05]], "asks": [[122480000.0, 0.00052253], [122500000.0, 0.00054051], [122510000.0, 0.0021877], [122542000.0, 0.00558], [122549000.0, 0.02352], [122552000.0, 0.0311], [122553000.0, 0.00032626], [122556000.0, 0.0815712], [122611000.0, 0.0417], [122644000.0, 0.12479999]]},
{"timestamp": 1743938565165, "bids": [[122472000.0, 0.00244953], [122469000.0, 8.165e-05], [122452000.0, 8.166e-05], [122435000.0, 0.00130735], [122422000.0, 0.00057203], [122421000.0, 0.00057203], [122420000.0, 0.01026], [122417000.0, 0.00057205], [122411000.0, 8.169e-05], [122406000.0, 8.26e-05]], "asks": [[122480000.0, 0.00052253], [122500000.0, 0.00054051], [122510000.0, 0.0021877], [122542000.0, 0.00558], [122549000.0, 0.02352], [122552000.0, 0.0311], [122553000.0, 0.00032626], [122611000.0, 0.0417], [122644000.0, 0.12479999], [122648000.0, 0.00032601]]},
{"timestamp": 1743938565165, "bids": [[122472000.0, 0.00244953], [122469000.0, 8.165e-05], [122452000.0, 8.166e-05], [122435000.0, 0.00130735], [122422000.0, 0.00057203], [122421000.0, 0.00057203], [122420000.0, 0.01026], [122417000.0, 0.00057205], [122411000.0, 8.169e-05], [122406000.0, 8.26e-05]], "asks": [[122480000.0, 0.00052253], [122500000.0, 0.05037751], [122510000.0, 0.0021877], [122542000.0, 0.00558], [122549000.0, 0.02352], [122552000.0, 0.0311], [122553000.0, 0.00032626], [122611000.0, 0.0417], [122644000.0, 0.12479999], [122648000.0, 0.00032601]]},
{"timestamp": 1743938565594, "bids": [[122472000.0, 0.00244953], [122469000.0, 8.165e-05], [122452000.0, 8.166e-05], [122435000.0, 0.00130735], [122422000.0, 0.00057203], [122421000.0, 0.00057203], [122420000.0, 0.01026], [122417000.0, 0.00057205], [122411000.0, 8.169e-05], [122406000.0, 8.26e-05]], "asks": [[122480000.0, 0.00052253], [122500000.0, 0.05037751], [122510000.0, 0.0021877], [122542000.0, 0.00558], [122549000.0, 0.02352], [122552000.0, 0.0311], [122553000.0, 0.00032626], [122611000.0, 0.0417], [122644000.0, 0.12479999], [122648000.0, 0.00032601]]},
{"timestamp": 1743938565810, "bids": [[122472000.0, 0.00244953], [122469000.0, 8.165e-05], [122452000.0, 8.166e-05], [122435000.0, 0.00130735], [122422000.0, 0.00057203], [122421000.0, 0.00057203], [122420000.0, 0.01026], [122417000.0, 0.00057205], [122411000.0, 8.169e-05], [122406000.0, 8.26e-05]], "asks": [[122480000.0, 0.00052253], [122500000.0, 0.05037751], [122510000.0, 0.0021877], [122542000.0, 0.00558], [122549000.0, 0.02352], [122552000.0, 0.0311], [122553000.0, 0.00032626], [122611000.0, 0.0417], [122644000.0, 0.12479999], [122648000.0, 0.00032601]]},
{"timestamp": 1743938565810, "bids": [[122472000.0, 0.00244953], [122469000.0, 8.165e-05], [122452000.0, 8.166e-05], [122435000.0, 0.00130735], [122422000.0, 0.00057203], [122421000.0, 0.00057203], [122420000.0, 0.01026], [122417000.0, 0.00057205], [122411000.0, 8.169e-05], [122406000.0, 8.26e-05]], "asks": [[122480000.0, 0.00052253], [122500000.0, 0.05037751], [122510000.0, 0.0021877], [122542000.0, 0.00558], [122549000.0, 0.02352], [122552000.0, 0.0311], [122553000.0, 0.00032626], [122611000.0, 0.0417], [122644000.0, 0.12479999], [122648000.0, 0.00032601]]},
{"timestamp": 1743938565810, "bids": [[122472000.0, 0.00244953], [122469000.0, 8.165e-05], [122452000.0, 8.166e-05], [122435000.0, 0.00130735], [122422000.0, 0.00057203], [122421000.0, 0.00057203], [122420000.0, 0.01026], [122417000.0, 0.00057205], [122411000.0, 8.169e-05], [122406000.0, 8.26e-05]], "asks": [[122480000.0, 0.00052253], [122500000.0, 0.05037751], [122510000.0, 0.0021877], [122542000.0, 0.00558], [122549000.0, 0.02352], [122552000.0, 0.0311], [122553000.0, 0.00032626], [122611000.0, 0.0417], [122644000.0, 0.12479999], [122648000.0, 0.00032601]]},
{"timestamp": 1743938566018, "bids": [[122472000.0, 0.00244953], [122469000.0, 8.165e-05], [122452000.0, 8.166e-05], [122435000.0, 0.00130735], [122422000.0, 0.00057203], [122421000.0, 0.00057203], [122420000.0, 0.01026], [122417000.0, 0.00057205], [122411000.0, 8.169e-05], [122406000.0, 8.26e-05]], "asks": [[122480000.0, 0.00052253], [122500000.0, 0.05037751], [122510000.0, 0.0021877], [122542000.0, 0.00558], [122549000.0, 0.02352], [122552000.0, 0.0311], [122553000.0, 0.00032626], [122574000.0, 0.027], [122611000.0, 0.0417], [122644000.0, 0.12479999]]},
{"timestamp": 1743938566018, "bids": [[122472000.0, 0.00244953], [122469000.0, 8.165e-05], [122452000.0, 8.166e-05], [122435000.0, 0.00130735], [122422000.0, 0.00057203], [122421000.0, 0.00057203], [122420000.0, 0.01026], [122417000.0, 0.00057205], [122411000.0, 8.169e-05], [122406000.0, 8.26e-05]], "asks": [[122480000.0, 0.00052253], [122500000.0, 0.05037751], [122510000.0, 0.0021877], [122542000.0, 0.00558], [122549000.0, 0.02352], [122552000.0, 0.0311], [122553000.0, 0.00032626], [122574000.0, 0.027], [122611000.0, 0.0417], [122644000.0, 0.12479999]]},
{"timestamp": 1743938566018, "bids": [[122472000.0, 0.00244953], [122469000.0, 8.165e-05], [122452000.0, 8.166e-05], [122435000.0, 0.00130735], [122422000.0, 0.00057203], [122421000.0, 0.00057203], [122420000.0, 0.01026], [122417000.0, 0.00057205], [122411000.0, 8.169e-05], [122406000.0, 8.26e-05]], "asks": [[122480000.0, 0.00052253], [122500000.0, 0.05037751], [122510000.0, 0.0021877], [122542000.0, 0.00558], [122549000.0, 0.02352], [122552000.0, 0.0311], [122553000.0, 0.00032626], [122574000.0, 0.027], [122611000.0, 0.0417], [122644000.0, 0.12479999]]},
{"timestamp": 1743938566018, "bids": [[122472000.0, 0.00244953], [122469000.0, 8.165e-05], [122452000.0, 8.166e-05], [122435000.0, 0.00130735], [122422000.0, 0.00057203], [122421000.0, 0.00057203], [122420000.0, 0.01026], [122417000.0, 0.00057205], [122411000.0, 8.169e-05], [122406000.0, 8.26e-05]], "asks": [[122480000.0, 0.00052253], [122500000.0, 0.05037751], [122510000.0, 0.0021877], [122542000.0, 0.00558], [122549000.0, 0.02352], [122552000.0, 0.0311], [122553000.0, 0.00032626], [122574000.0, 0.027], [122644000.0, 0.12479999], [122648000.0, 0.00032601]]},
{"timestamp": 1743938566362, "bids": [[122472000.0, 0.00244953], [122469000.0, 8.165e-05], [122452000.0, 8.166e-05], [122435000.0, 0.00130735], [122422000.0, 0.00057203], [122421000.0, 0.00057203], [122420000.0, 0.01026], [122417000.0, 0.00057205], [122411000.0, 8.169e-05], [122406000.0, 8.26e-05]], "asks": [[122480000.0, 0.00052253], [122500000.0, 0.05037751], [122510000.0, 0.0021877], [122542000.0, 0.00558], [122549000.0, 0.02352], [122552000.0, 0.0311], [122553000.0, 0.00032626], [122559000.0, 0.0815712], [122574000.0, 0.027], [122644000.0, 0.12479999]]},
{"timestamp": 1743938566613, "bids": [[122472000.0, 0.00244953], [122469000.0, 8.165e-05], [122452000.0, 8.166e-05], [122435000.0, 0.00130735], [122422000.0, 0.00057203], [122421000.0, 0.00057203], [122420000.0, 0.01026], [122417000.0, 0.00057205], [122411000.0, 8.169e-05], [122406000.0, 8.26e-05]], "asks": [[122480000.0, 0.00052253], [122500000.0, 0.00054051], [122510000.0, 0.0021877], [122542000.0, 0.00558], [122549000.0, 0.02352], [122552000.0, 0.0311], [122553000.0, 0.00032626], [122559000.0, 0.0815712], [122574000.0, 0.027], [122644000.0, 0.12479999]]},
{"timestamp": 1743938567064, "bids": [[122472000.0, 0.00244953], [122469000.0, 8.165e-05], [122452000.0, 8.166e-05], [122435000.0, 0.00130735], [122422000.0, 0.00057203], [122421000.0, 0.00057203], [122420000.0, 0.01026], [122417000.0, 0.00057205], [122411000.0, 8.169e-05], [122406000.0, 8.26e-05]], "asks": [[122480000.0, 0.00052253], [122500000.0, 0.00054051], [122510000.0, 0.0021877], [122542000.0, 0.00558], [122552000.0, 0.0311], [122553000.0, 0.00032626], [122559000.0, 0.0815712], [122574000.0, 0.027], [122644000.0, 0.12479999], [122648000.0, 0.00032601]]},
{"timestamp": 1743938567064, "bids": [[122472000.0, 0.00244953], [122469000.0, 8.165e-05], [122452000.0, 8.166e-05], [122435000.0, 0.00130735], [122422000.0, 0.00057203], [122421000.0, 0.00057203], [122420000.0, 0.01026], [122417000.0, 0.00057205], [122411000.0, 8.169e-05], [122406000.0, 8.26e-05]], "asks": [[122480000.0, 0.00052253], [122500000.0, 0.00054051], [122510000.0, 0.0021877], [122532000.0, 0.00492], [122542000.0, 0.00558], [122552000.0, 0.0311], [122553000.0, 0.00032626], [122559000.0, 0.0815712], [122574000.0, 0.027], [122644000.0, 0.12479999]]},
{"timestamp": 1743938567203, "bids": [[122472000.0, 0.00244953], [122469000.0, 8.165e-05], [122452000.0, 8.166e-05], [122435000.0, 0.00130735], [122422000.0, 0.00057203], [122421000.0, 0.00057203], [122420000.0, 0.01026], [122417000.0, 0.00057205], [122411000.0, 8.169e-05], [122406000.0, 8.26e-05]], "asks": [[122480000.0, 0.00052253], [122500000.0, 0.00054051], [122510000.0, 0.0021877], [122532000.0, 0.00492], [122552000.0, 0.0311], [122553000.0, 0.00032626], [122559000.0, 0.0815712], [122574000.0, 0.027], [122644000.0, 0.12479999], [122648000.0, 0.00032601]]},
{"timestamp": 1743938567429, "bids": [[122472000.0, 0.00244953], [122469000.0, 8.165e-05], [122452000.0, 8.166e-05], [122435000.0, 0.00130735], [122422000.0, 0.00057203], [122421000.0, 0.00057203], [122420000.0, 0.01026], [122417000.0, 0.00057205], [122411000.0, 8.169e-05], [122406000.0, 8.26e-05]], "asks": [[122480000.0, 0.00052253], [122500000.0, 0.05037751], [122510000.0, 0.0021877], [122532000.0, 0.00492], [122552000.0, 0.0311], [122553000.0, 0.00032626], [122559000.0, 0.0815712], [122574000.0, 0.027], [122644000.0, 0.12479999], [122648000.0, 0.00032601]]},
{"timestamp": 1743938567641, "bids": [[122472000.0, 0.00244953], [122469000.0, 8.165e-05], [122452000.0, 8.166e-05], [122435000.0, 0.00130735], [122422000.0, 0.00057203], [122421000.0, 0.00057203], [122420000.0, 0.01026], [122417000.0, 0.00057205], [122411000.0, 8.169e-05], [122406000.0, 8.26e-05]], "asks": [[122480000.0, 0.00052253], [122500000.0, 0.05037751], [122510000.0, 0.0021877], [122532000.0, 0.00492], [122552000.0, 0.0311], [122553000.0, 0.00032626], [122559000.0, 0.0815712], [122574000.0, 0.027], [122644000.0, 0.12479999], [122648000.0, 0.00032601]]},
{"timestamp": 1743938567803, "bids": [[122472000.0, 0.00244953], [122469000.0, 8.165e-05], [122452000.0, 8.166e-05], [122435000.0, 0.00130735], [122422000.0, 0.00057203], [122421000.0, 0.00057203], [122420000.0, 0.01026], [122417000.0, 0.00057205], [122411000.0, 8.169e-05], [122406000.0, 8.26e-05]], "asks": [[122480000.0, 0.00052253], [122500000.0, 0.05037751], [122510000.0, 0.0021877], [122552000.0, 0.0311], [122553000.0, 0.00032626], [122559000.0, 0.0815712], [122574000.0, 0.027], [122644000.0, 0.12479999], [122648000.0, 0.00032601], [122652000.0, 0.00806112]]},
{"timestamp": 1743938568081, "bids": [[122472000.0, 0.00244953], [122469000.0, 8.165e-05], [122452000.0, 8.166e-05], [122435000.0, 0.00130735], [122422000.0, 0.00057203], [122421000.0, 0.00057203], [122420000.0, 0.01026], [122417000.0, 0.00057205], [122411000.0, 8.169e-05], [122406000.0, 8.26e-05]], "asks": [[122480000.0, 0.00052253], [122500000.0, 0.00054051], [122510000.0, 0.0021877], [122552000.0, 0.0311], [122553000.0, 0.00032626], [122559000.0, 0.0815712], [122574000.0, 0.027], [122644000.0, 0.12479999], [122648000.0, 0.00032601], [122652000.0, 0.00806112]]},
{"timestamp": 1743938568751, "bids": [[122472000.0, 0.00244953], [122469000.0, 8.165e-05], [122452000.0, 8.166e-05], [122435000.0, 0.00130735], [122422000.0, 0.00057203], [122421000.0, 0.00057203], [122420000.0, 0.01026], [122417000.0, 0.00057205], [122411000.0, 8.169e-05], [122406000.0, 8.26e-05]], "asks": [[122480000.0, 0.00052253], [122500000.0, 0.00054051], [122501000.0, 0.049837], [122510000.0, 0.0021877], [122552000.0, 0.0311], [122553000.0, 0.00032626], [122559000.0, 0.0815712], [122574000.0, 0.027], [122644000.0, 0.12479999], [122648000.0, 0.00032601]]},
{"timestamp": 1743938568751, "bids": [[122472000.0, 0.00244953], [122469000.0, 8.165e-05], [122452000.0, 8.166e-05], [122435000.0, 0.00130735], [122422000.0, 0.00057203], [122421000.0, 0.00057203], [122420000.0, 0.01026], [122417000.0, 0.00057205], [122411000.0, 8.169e-05], [122406000.0, 8.26e-05]], "asks": [[122480000.0, 0.00052253], [122500000.0, 0.00054051], [122501000.0, 0.049837], [122510000.0, 0.0021877], [122552000.0, 0.0311], [122553000.0, 0.00032626], [122559000.0, 0.0815712], [122574000.0, 0.027], [122644000.0, 0.12479999], [122648000.0, 0.00032601]]},
{"timestamp": 1743938568751, "bids": [[122472000.0, 0.00244953], [122469000.0, 8.165e-05], [122452000.0, 8.166e-05], [122435000.0, 0.00130735], [122422000.0, 0.00057203], [122421000.0, 0.00057203], [122420000.0, 0.01026], [122417000.0, 0.00057205], [122411000.0, 8.169e-05], [122406000.0, 8.26e-05]], "asks": [[122480000.0, 0.00052253], [122500000.0, 0.00054051], [122501000.0, 0.049837], [122510000.0, 0.0021877], [122552000.0, 0.0365], [122553000.0, 0.00032626], [122559000.0, 0.0815712], [122574000.0, 0.027], [122644000.0, 0.12479999], [122648000.0, 0.00032601]]},
{"timestamp": 1743938569131, "bids": [[122472000.0, 0.00244953], [122469000.0, 8.165e-05], [122452000.0, 8.166e-05], [122435000.0, 0.00130735], [122422000.0, 0.00057203], [122421000.0, 0.00057203], [122420000.0, 0.01026], [122417000.0, 0.00057205], [122411000.0, 8.169e-05], [122406000.0, 8.26e-05]], "asks": [[122480000.0, 0.00052253], [122500000.0, 0.00054051], [122501000.0, 0.049837], [122510000.0, 0.0021877], [122552000.0, 0.0365], [122553000.0, 0.00032626], [122559000.0, 0.0815712], [122574000.0, 0.027], [122611000.0, 0.0417], [122644000.0, 0.12479999]]},
{"timestamp": 1743938569661, "bids": [[122472000.0, 0.00244953], [122469000.0, 8.165e-05], [122452000.0, 8.166e-05], [122435000.0, 0.00130735], [122422000.0, 0.00057203], [122421000.0, 0.00057203], [122420000.0, 0.01026], [122417000.0, 0.00057205], [122411000.0, 8.169e-05], [122406000.0, 8.26e-05]], "asks": [[122480000.0, 0.00052253], [122500000.0, 0.00054051], [122501000.0, 0.049837], [122510000.0, 0.0021877], [122552000.0, 0.0365], [122553000.0, 0.00032626], [122559000.0, 0.1062912], [122574000.0, 0.027], [122611000.0, 0.0417], [122644000.0, 0.12479999]]},
{"timestamp": 1743938570063, "bids": [[122472000.0, 0.00244953], [122469000.0, 8.165e-05], [122452000.0, 8.166e-05], [122435000.0, 0.00130735], [122434000.0, 0.00498], [122422000.0, 0.00057203], [122421000.0, 0.00057203], [122420000.0, 0.01026], [122417000.0, 0.00057205], [122411000.0, 8.169e-05]], "asks": [[122480000.0, 0.00052253], [122500000.0, 0.00054051], [122501000.0, 0.049837], [122510000.0, 0.0021877], [122552000.0, 0.0365], [122553000.0, 0.00032626], [122559000.0, 0.1062912], [122574000.0, 0.027], [122611000.0, 0.0417], [122644000.0, 0.12479999]]},
{"timestamp": 1743938570063, "bids": [[122472000.0, 0.00244953], [122469000.0, 8.165e-05], [122452000.0, 8.166e-05], [122435000.0, 0.00130735], [122434000.0, 0.00498], [122422000.0, 0.00057203], [122421000.0, 0.00057203], [122420000.0, 0.01026], [122417000.0, 0.00057205], [122411000.0, 8.169e-05]], "asks": [[122480000.0, 0.00052253], [122500000.0, 0.00054051], [122510000.0, 0.0021877], [122552000.0, 0.0365], [122553000.0, 0.00032626], [122559000.0, 0.1062912], [122574000.0, 0.027], [122611000.0, 0.0417], [122644000.0, 0.12479999], [122648000.0, 0.00032601]]},
{"timestamp": 1743938570488, "bids": [[122472000.0, 0.00244953], [122469000.0, 8.165e-05], [122452000.0, 8.166e-05], [122435000.0, 0.00130735], [122434000.0, 0.00498], [122422000.0, 0.00057203], [122421000.0, 0.00057203], [122420000.0, 0.01026], [122417000.0, 0.00057205], [122411000.0, 8.169e-05]], "asks": [[122480000.0, 0.00052253], [122500000.0, 0.00054051], [122501000.0, 0.049837], [122510000.0, 0.0021877], [122552000.0, 0.0365], [122553000.0, 0.00032626], [122559000.0, 0.1062912], [122574000.0, 0.027], [122611000.0, 0.0417], [122644000.0, 0.12479999]]},
{"timestamp": 1743938571470, "bids": [[122472000.0, 0.00244953], [122469000.0, 8.165e-05], [122452000.0, 8.166e-05], [122435000.0, 0.00130735], [122422000.0, 0.00057203], [122421000.0, 0.00057203], [122420000.0, 0.01026], [122417000.0, 0.00057205], [122411000.0, 8.169e-05], [122406000.0, 8.26e-05]], "asks": [[122480000.0, 0.00052253], [122500000.0, 0.00054051], [122501000.0, 0.049837], [122510000.0, 0.0021877], [122552000.0, 0.0365], [122553000.0, 0.00032626], [122559000.0, 0.1062912], [122574000.0, 0.027], [122611000.0, 0.0417], [122644000.0, 0.12479999]]},
{"timestamp": 1743938571722, "bids": [[122472000.0, 0.00244953], [122469000.0, 8.165e-05], [122452000.0, 8.166e-05], [122435000.0, 0.00130735], [122422000.0, 0.00057203], [122421000.0, 0.00057203], [122420000.0, 0.01026], [122417000.0, 0.00057205], [122411000.0, 8.169e-05], [122406000.0, 8.26e-05]], "asks": [[122480000.0, 0.00052253], [122500000.0, 0.00054051], [122510000.0, 0.0021877], [122552000.0, 0.0365], [122553000.0, 0.00032626], [122559000.0, 0.1062912], [122574000.0, 0.027], [122611000.0, 0.0417], [122644000.0, 0.12479999], [122648000.0, 0.00032601]]},
{"timestamp": 1743938572121, "bids": [[122472000.0, 0.00244953], [122469000.0, 8.165e-05], [122452000.0, 8.166e-05], [122435000.0, 0.00130735], [122422000.0, 0.00057203], [122421000.0, 0.00057203], [122420000.0, 0.01026], [122417000.0, 0.00057205], [122411000.0, 8.169e-05], [122406000.0, 8.26e-05]], "asks": [[122480000.0, 0.00052253], [122500000.0, 0.00054051], [122503000.0, 0.049837], [122510000.0, 0.0021877], [122552000.0, 0.0365], [122553000.0, 0.00032626], [122559000.0, 0.1062912], [122574000.0, 0.027], [122611000.0, 0.0417], [122644000.0, 0.12479999]]},
{"timestamp": 1743938572372, "bids": [[122472000.0, 0.00244953], [122469000.0, 8.165e-05], [122452000.0, 8.166e-05], [122435000.0, 0.00130735], [122422000.0, 0.00057203], [122421000.0, 0.00057203], [122420000.0, 0.01026], [122417000.0, 0.00057205], [122411000.0, 8.169e-05], [122406000.0, 8.26e-05]], "asks": [[122480000.0, 0.00052253], [122500000.0, 0.00054051], [122503000.0, 0.049837], [122510000.0, 0.0021877], [122552000.0, 0.0365], [122553000.0, 0.00032626], [122559000.0, 0.0815712], [122574000.0, 0.027], [122611000.0, 0.0417], [122644000.0, 0.12479999]]},
{"timestamp": 1743938572767, "bids": [[122472000.0, 0.00244953], [122469000.0, 8.165e-05], [122452000.0, 8.166e-05], [122435000.0, 0.00130735], [122422000.0, 0.00057203], [122421000.0, 0.00057203], [122420000.0, 0.01026], [122417000.0, 0.00057205], [122411000.0, 8.169e-05], [122406000.0, 8.26e-05]], "asks": [[122480000.0, 0.00052253], [122500000.0, 0.00054051], [122503000.0, 0.049837], [122510000.0, 0.0021877], [122542000.0, 0.00552], [122552000.0, 0.0365], [122553000.0, 0.00032626], [122559000.0, 0.0815712], [122574000.0, 0.027], [122611000.0, 0.0417]]},
{"timestamp": 1743938573038, "bids": [[122472000.0, 0.00244953], [122469000.0, 8.165e-05], [122452000.0, 8.166e-05], [122435000.0, 0.00130735], [122422000.0, 0.00057203], [122421000.0, 0.00057203], [122420000.0, 0.01026], [122417000.0, 0.00057205], [122411000.0, 8.169e-05], [122406000.0, 8.26e-05]], "asks": [[122480000.0, 0.00052253], [122500000.0, 0.00054051], [122510000.0, 0.0021877], [122542000.0, 0.00552], [122552000.0, 0.0365], [122553000.0, 0.00032626], [122559000.0, 0.0815712], [122574000.0, 0.027], [122611000.0, 0.0417], [122644000.0, 0.12479999]]},
{"timestamp": 1743938573807, "bids": [[122472000.0, 0.00244953], [122469000.0, 8.165e-05], [122452000.0, 8.166e-05], [122435000.0, 0.00130735], [122422000.0, 0.00057203], [122421000.0, 0.00057203], [122420000.0, 0.01026], [122417000.0, 0.00057205], [122411000.0, 8.169e-05], [122406000.0, 8.26e-05]], "asks": [[122480000.0, 0.00052253], [122500000.0, 0.00054051], [122502000.0, 0.049837], [122510000.0, 0.0021877], [122542000.0, 0.00552], [122552000.0, 0.0365], [122553000.0, 0.00032626], [122559000.0, 0.0815712], [122574000.0, 0.027], [122611000.0, 0.0417]]},
{"timestamp": 1743938574214, "bids": [[122472000.0, 0.00244953], [122469000.0, 8.165e-05], [122452000.0, 8.166e-05], [122435000.0, 0.00130735], [122422000.0, 0.00057203], [122421000.0, 0.00057203], [122420000.0, 0.01026], [122417000.0, 0.00057205], [122411000.0, 8.169e-05], [122406000.0, 8.26e-05]], "asks": [[122480000.0, 0.00052253], [122500000.0, 0.00054051], [122510000.0, 0.0021877], [122542000.0, 0.00552], [122552000.0, 0.0365], [122553000.0, 0.00032626], [122559000.0, 0.0815712], [122574000.0, 0.027], [122611000.0, 0.0417], [122644000.0, 0.12479999]]},
{"timestamp": 1743938574638, "bids": [[122472000.0, 0.00244953], [122469000.0, 8.165e-05], [122452000.0, 8.166e-05], [122435000.0, 0.00130735], [122422000.0, 0.00057203], [122421000.0, 0.00057203], [122420000.0, 0.01026], [122417000.0, 0.00057205], [122411000.0, 8.169e-05], [122406000.0, 8.26e-05]], "asks": [[122480000.0, 0.00052253], [122500000.0, 0.00054051], [122501000.0, 0.049837], [122510000.0, 0.0021877], [122542000.0, 0.00552], [122552000.0, 0.0365], [122553000.0, 0.00032626], [122559000.0, 0.0815712], [122574000.0, 0.027], [122611000.0, 0.0417]]},
{"timestamp": 1743938574817, "bids": [[122472000.0, 0.00244953], [122469000.0, 8.165e-05], [122452000.0, 8.166e-05], [122435000.0, 0.00130735], [122422000.0, 0.00057203], [122421000.0, 0.00057203], [122420000.0, 0.01026], [122417000.0, 0.00057205], [122411000.0, 8.169e-05], [122406000.0, 8.26e-05]], "asks": [[122480000.0, 0.00052253], [122500000.0, 0.00054051], [122501000.0, 0.049837], [122510000.0, 0.0021877], [122542000.0, 0.00552], [122552000.0, 0.0365], [122553000.0, 0.00032626], [122559000.0, 0.0815712], [122611000.0, 0.0417], [122644000.0, 0.12479999]]},
{"timestamp": 1743938574818, "bids": [[122472000.0, 0.00244953], [122469000.0, 8.165e-05], [122452000.0, 8.166e-05], [122435000.0, 0.00130735], [122422000.0, 0.00057203], [122421000.0, 0.00057203], [122420000.0, 0.01026], [122417000.0, 0.00057205], [122411000.0, 8.169e-05], [122406000.0, 8.26e-05]], "asks": [[122480000.0, 0.00052253], [122500000.0, 0.00054051], [122501000.0, 0.049837], [122510000.0, 0.0021877], [122542000.0, 0.00552], [122549000.0, 0.01908], [122552000.0, 0.0365], [122553000.0, 0.00032626], [122559000.0, 0.0815712], [122611000.0, 0.0417]]},
{"timestamp": 1743938574818, "bids": [[122472000.0, 0.00244953], [122469000.0, 8.165e-05], [122452000.0, 8.166e-05], [122435000.0, 0.00130735], [122422000.0, 0.00057203], [122421000.0, 0.00057203], [122420000.0, 0.01026], [122417000.0, 0.00057205], [122411000.0, 8.169e-05], [122406000.0, 8.26e-05]], "asks": [[122480000.0, 0.00052253], [122500000.0, 0.00054051], [122501000.0, 0.049837], [122510000.0, 0.0021877], [122542000.0, 0.00552], [122549000.0, 0.01908], [122552000.0, 0.0365], [122553000.0, 0.00032626], [122559000.0, 0.0815712], [122611000.0, 0.0417]]},
{"timestamp": 1743938575913, "bids": [[122472000.0, 0.00244953], [122469000.0, 8.165e-05], [122452000.0, 8.166e-05], [122435000.0, 0.00130735], [122422000.0, 0.00057203], [122421000.0, 0.00057203], [122420000.0, 0.01026], [122417000.0, 0.00057205], [122411000.0, 8.169e-05], [122406000.0, 8.26e-05]], "asks": [[122480000.0, 0.00052253], [122500000.0, 0.00054051], [122510000.0, 0.0021877], [122542000.0, 0.00552], [122549000.0, 0.01908], [122552000.0, 0.0365], [122553000.0, 0.00032626], [122559000.0, 0.0815712], [122611000.0, 0.0417], [122644000.0, 0.12479999]]},
{"timestamp": 1743938576169, "bids": [[122472000.0, 0.00244953], [122469000.0, 8.165e-05], [122452000.0, 8.166e-05], [122435000.0, 0.00130735], [122422000.0, 0.00057203], [122421000.0, 0.00057203], [122420000.0, 0.01026], [122417000.0, 0.00057205], [122411000.0, 8.169e-05], [122406000.0, 8.26e-05]], "asks": [[122480000.0, 0.00052253], [122500000.0, 0.00054051], [122510000.0, 0.0021877], [122542000.0, 0.00552], [122549000.0, 0.01908], [122552000.0, 0.0365], [122553000.0, 0.00032626], [122559000.0, 0.0815712], [122644000.0, 0.12479999], [122648000.0, 0.00032601]]},
{"timestamp": 1743938576169, "bids": [[122472000.0, 0.00244953], [122469000.0, 8.165e-05], [122452000.0, 8.166e-05], [122435000.0, 0.00130735], [122422000.0, 0.00057203], [122421000.0, 0.00057203], [122420000.0, 0.01026], [122417000.0, 0.00057205], [122411000.0, 8.169e-05], [122406000.0, 8.26e-05]], "asks": [[122480000.0, 0.00052253], [122500000.0, 0.00054051], [122510000.0, 0.0021877], [122542000.0, 0.00552], [122549000.0, 0.01908], [122552000.0, 0.0365], [122553000.0, 0.00032626], [122559000.0, 0.0815712], [122644000.0, 0.12479999], [122648000.0, 0.00032601]]},
{"timestamp": 1743938576170, "bids": [[122472000.0, 0.00244953], [122469000.0, 8.165e-05], [122452000.0, 8.166e-05], [122435000.0, 0.00130735], [122422000.0, 0.00057203], [122421000.0, 0.00057203], [122420000.0, 0.01026], [122417000.0, 0.00057205], [122411000.0, 8.169e-05], [122406000.0, 8.26e-05]], "asks": [[122480000.0, 0.00052253], [122500000.0, 0.00054051], [122510000.0, 0.0021877], [122542000.0, 0.00552], [122549000.0, 0.01908], [122552000.0, 0.0365], [122553000.0, 0.00032626], [122559000.0, 0.0815712], [122644000.0, 0.12479999], [122648000.0, 0.00032601]]},
{"timestamp": 1743938576779, "bids": [[122472000.0, 0.00244953], [122469000.0, 8.165e-05], [122452000.0, 8.166e-05], [122435000.0, 0.00130735], [122422000.0, 0.00057203], [122421000.0, 0.00057203], [122420000.0, 0.01026], [122417000.0, 0.00057205], [122411000.0, 8.169e-05], [122406000.0, 8.26e-05]], "asks": [[122480000.0, 0.00052253], [122500000.0, 0.00054051], [122502000.0, 0.049837], [122510000.0, 0.0021877], [122542000.0, 0.00552], [122549000.0, 0.01908], [122552000.0, 0.0365], [122553000.0, 0.00032626], [122559000.0, 0.0815712], [122644000.0, 0.12479999]]},
{"timestamp": 1743938576779, "bids": [[122472000.0, 0.00244953], [122469000.0, 8.165e-05], [122452000.0, 8.166e-05], [122435000.0, 0.00130735], [122422000.0, 0.00057203], [122421000.0, 0.00057203], [122420000.0, 0.01026], [122417000.0, 0.00057205], [122411000.0, 8.169e-05], [122406000.0, 8.26e-05]], "asks": [[122480000.0, 0.00052253], [122500000.0, 0.00054051], [122502000.0, 0.049837], [122510000.0, 0.0021877], [122542000.0, 0.00552], [122549000.0, 0.01908], [122552000.0, 0.0365], [122553000.0, 0.00032626], [122559000.0, 0.0815712], [122574000.0, 0.027]]},
{"timestamp": 1743938576956, "bids": [[122472000.0, 0.00244953], [122469000.0, 8.165e-05], [122452000.0, 8.166e-05], [122435000.0, 0.00130735], [122431000.0, 0.00588], [122422000.0, 0.00057203], [122421000.0, 0.00057203], [122420000.0, 0.01026], [122417000.0, 0.00057205], [122411000.0, 8.169e-05]], "asks": [[122480000.0, 0.00052253], [122500000.0, 0.00054051], [122502000.0, 0.049837], [122510000.0, 0.0021877], [122542000.0, 0.00552], [122549000.0, 0.01908], [122552000.0, 0.0365], [122553000.0, 0.00032626], [122559000.0, 0.0815712], [122574000.0, 0.027]]},
{"timestamp": 1743938577187, "bids": [[122472000.0, 0.00244953], [122469000.0, 8.165e-05], [122452000.0, 8.166e-05], [122435000.0, 0.00130735], [122431000.0, 0.00588], [122422000.0, 0.00057203], [122421000.0, 0.00057203], [122420000.0, 0.01026], [122417000.0, 0.00057205], [122411000.0, 8.169e-05]], "asks": [[122480000.0, 0.00052253], [122500000.0, 0.00054051], [122510000.0, 0.0021877], [122542000.0, 0.00552], [122549000.0, 0.01908], [122552000.0, 0.0365], [122553000.0, 0.00032626], [122559000.0, 0.0815712], [122574000.0, 0.027], [122644000.0, 0.12479999]]},
{"timestamp": 1743938577747, "bids": [[122472000.0, 0.00244953], [122469000.0, 8.165e-05], [122452000.0, 8.166e-05], [122435000.0, 0.00130735], [122431000.0, 0.00588], [122422000.0, 0.00057203], [122421000.0, 0.00057203], [122420000.0, 0.01026], [122417000.0, 0.00057205], [122411000.0, 8.169e-05]], "asks": [[122480000.0, 0.00052253], [122500000.0, 0.00054051], [122502000.0, 0.049837], [122510000.0, 0.0021877], [122542000.0, 0.00552], [122549000.0, 0.01908], [122552000.0, 0.0365], [122553000.0, 0.00032626], [122559000.0, 0.0815712], [122574000.0, 0.027]]},
{"timestamp": 1743938578188, "bids": [[122472000.0, 0.00244953], [122469000.0, 8.165e-05], [122452000.0, 8.166e-05], [122435000.0, 0.00130735], [122431000.0, 0.00588], [122422000.0, 0.00057203], [122421000.0, 0.00057203], [122420000.0, 0.01026], [122417000.0, 0.00057205], [122411000.0, 8.169e-05]], "asks": [[122480000.0, 0.00052253], [122500000.0, 0.00054051], [122510000.0, 0.0021877], [122542000.0, 0.00552], [122549000.0, 0.01908], [122552000.0, 0.0365], [122553000.0, 0.00032626], [122559000.0, 0.0815712], [122574000.0, 0.027], [122644000.0, 0.12479999]]},
{"timestamp": 1743938578853, "bids": [[122472000.0, 0.00244953], [122469000.0, 8.165e-05], [122452000.0, 8.166e-05], [122435000.0, 0.00130735], [122431000.0, 0.00588], [122422000.0, 0.00057203], [122421000.0, 0.00057203], [122420000.0, 0.01026], [122417000.0, 0.00057205], [122411000.0, 8.169e-05]], "asks": [[122480000.0, 0.00052253], [122500000.0, 0.00054051], [122502000.0, 0.049837], [122510000.0, 0.0021877], [122542000.0, 0.00552], [122549000.0, 0.01908], [122552000.0, 0.0365], [122553000.0, 0.00032626], [122559000.0, 0.0815712], [122574000.0, 0.027]]},
{"timestamp": 1743938578853, "bids": [[122472000.0, 0.00244953], [122469000.0, 8.165e-05], [122452000.0, 8.166e-05], [122435000.0, 0.00130735], [122431000.0, 0.00588], [122422000.0, 0.00057203], [122421000.0, 0.00057203], [122420000.0, 0.01026], [122417000.0, 0.00057205], [122411000.0, 8.169e-05]], "asks": [[122480000.0, 0.00052253], [122500000.0, 0.00054051], [122502000.0, 0.049837], [122510000.0, 0.0021877], [122542000.0, 0.00552], [122549000.0, 0.01908], [122552000.0, 0.0365], [122553000.0, 0.00032626], [122574000.0, 0.027], [122644000.0, 0.12479999]]},
{"timestamp": 1743938579235, "bids": [[122472000.0, 0.00244953], [122469000.0, 8.165e-05], [122452000.0, 8.166e-05], [122435000.0, 0.00130735], [122431000.0, 0.00588], [122422000.0, 0.00057203], [122421000.0, 0.00057203], [122420000.0, 0.01026], [122417000.0, 0.00057205], [122411000.0, 8.169e-05]], "asks": [[122480000.0, 0.00052253], [122500000.0, 0.00054051], [122510000.0, 0.0021877], [122542000.0, 0.00552], [122549000.0, 0.01908], [122552000.0, 0.0365], [122553000.0, 0.00032626], [122574000.0, 0.027], [122644000.0, 0.12479999], [122648000.0, 0.00032601]]},
{"timestamp": 1743938579726, "bids": [[122472000.0, 0.00244953], [122469000.0, 8.165e-05], [122452000.0, 8.166e-05], [122435000.0, 0.00130735], [122431000.0, 0.00588], [122422000.0, 0.00057203], [122421000.0, 0.00057203], [122420000.0, 0.01026], [122417000.0, 0.00057205], [122411000.0, 8.169e-05]], "asks": [[122480000.0, 0.00052253], [122500000.0, 0.00054051], [122510000.0, 0.0021877], [122542000.0, 0.00552], [122549000.0, 0.01908], [122552000.0, 0.0365], [122553000.0, 0.00032626], [122574000.0, 0.027], [122611000.0, 0.0417], [122644000.0, 0.12479999]]},
{"timestamp": 1743938579726, "bids": [[122472000.0, 0.00244953], [122469000.0, 8.165e-05], [122452000.0, 8.166e-05], [122435000.0, 0.00130735], [122431000.0, 0.00588], [122422000.0, 0.00057203], [122421000.0, 0.00057203], [122420000.0, 0.01026], [122417000.0, 0.00057205], [122411000.0, 8.169e-05]], "asks": [[122480000.0, 0.00052253], [122500000.0, 0.00054051], [122503000.0, 0.049837], [122510000.0, 0.0021877], [122542000.0, 0.00552], [122549000.0, 0.01908], [122552000.0, 0.0365], [122553000.0, 0.00032626], [122574000.0, 0.027], [122611000.0, 0.0417]]},
{"timestamp": 1743938580102, "bids": [[122472000.0, 0.00244953], [122469000.0, 8.165e-05], [122452000.0, 8.166e-05], [122435000.0, 0.00130735], [122431000.0, 0.00588], [122422000.0, 0.00057203], [122421000.0, 0.00057203], [122420000.0, 0.01026], [122417000.0, 0.00057205], [122411000.0, 8.169e-05]], "asks": [[122480000.0, 0.00052253], [122500000.0, 0.00054051], [122510000.0, 0.0021877], [122542000.0, 0.00552], [122549000.0, 0.01908], [122552000.0, 0.0365], [122553000.0, 0.00032626], [122574000.0, 0.027], [122611000.0, 0.0417], [122644000.0, 0.12479999]]},
{"timestamp": 1743938580102, "bids": [[122472000.0, 0.00244953], [122469000.0, 8.165e-05], [122452000.0, 8.166e-05], [122435000.0, 0.00130735], [122431000.0, 0.00588], [122422000.0, 0.00057203], [122421000.0, 0.00057203], [122420000.0, 0.01026], [122417000.0, 0.00057205], [122411000.0, 8.169e-05]], "asks": [[122480000.0, 0.00052253], [122500000.0, 0.00054051], [122510000.0, 0.0021877], [122542000.0, 0.00552], [122549000.0, 0.01908], [122552000.0, 0.0365], [122553000.0, 0.00032626], [122561000.0, 0.0815712], [122574000.0, 0.027], [122611000.0, 0.0417]]},
{"timestamp": 1743938580102, "bids": [[122472000.0, 0.00244953], [122469000.0, 8.165e-05], [122452000.0, 8.166e-05], [122435000.0, 0.00130735], [122431000.0, 0.00588], [122422000.0, 0.00057203], [122421000.0, 0.00057203], [122420000.0, 0.01026], [122417000.0, 0.00057205], [122411000.0, 8.169e-05]], "asks": [[122480000.0, 0.00052253], [122500000.0, 0.00054051], [122510000.0, 0.0021877], [122542000.0, 0.00552], [122549000.0, 0.01908], [122552000.0, 0.0365], [122553000.0, 0.00032626], [122561000.0, 0.0815712], [122574000.0, 0.027], [122611000.0, 0.0417]]},
{"timestamp": 1743938580306, "bids": [[122472000.0, 0.00244953], [122469000.0, 8.165e-05], [122452000.0, 8.166e-05], [122435000.0, 0.00130735], [122431000.0, 0.00588], [122422000.0, 0.00057203], [122421000.0, 0.00057203], [122420000.0, 0.01026], [122417000.0, 0.00057205], [122411000.0, 8.169e-05]], "asks": [[122480000.0, 0.00052253], [122500000.0, 0.00054051], [122510000.0, 0.0021877], [122542000.0, 0.00552], [122549000.0, 0.01908], [122552000.0, 0.0365], [122553000.0, 0.00032626], [122574000.0, 0.027], [122611000.0, 0.0417], [122644000.0, 0.12479999]]},
{"timestamp": 1743938580539, "bids": [[122472000.0, 0.00244953], [122469000.0, 8.165e-05], [122452000.0, 8.166e-05], [122435000.0, 0.00130735], [122431000.0, 0.00588], [122422000.0, 0.00057203], [122421000.0, 0.00057203], [122420000.0, 0.01026], [122417000.0, 0.00057205], [122411000.0, 8.169e-05]], "asks": [[122480000.0, 0.00052253], [122500000.0, 0.00054051], [122510000.0, 0.0021877], [122542000.0, 0.00552], [122549000.0, 0.01908], [122552000.0, 0.0365], [122553000.0, 0.00032626], [122574000.0, 0.027], [122644000.0, 0.12479999], [122648000.0, 0.00032601]]},
{"timestamp": 1743938580539, "bids": [[122472000.0, 0.00244953], [122469000.0, 8.165e-05], [122452000.0, 8.166e-05], [122435000.0, 0.00130735], [122431000.0, 0.00588], [122422000.0, 0.00057203], [122421000.0, 0.00057203], [122420000.0, 0.01026], [122417000.0, 0.00057205], [122411000.0, 8.169e-05]], "asks": [[122480000.0, 0.00052253], [122500000.0, 0.00054051], [122510000.0, 0.0021877], [122549000.0, 0.01908], [122552000.0, 0.0365], [122553000.0, 0.00032626], [122574000.0, 0.027], [122644000.0, 0.12479999], [122648000.0, 0.00032601], [122652000.0, 0.00806112]]},
{"timestamp": 1743938580539, "bids": [[122472000.0, 0.00244953], [122469000.0, 8.165e-05], [122452000.0, 8.166e-05], [122435000.0, 0.00130735], [122431000.0, 0.00588], [122422000.0, 0.00057203], [122421000.0, 0.00057203], [122420000.0, 0.01026], [122417000.0, 0.00057205], [122411000.0, 8.169e-05]], "asks": [[122480000.0, 0.00052253], [122500000.0, 0.00054051], [122510000.0, 0.0021877], [122552000.0, 0.0365], [122553000.0, 0.00032626], [122574000.0, 0.027], [122644000.0, 0.12479999], [122648000.0, 0.00032601], [122652000.0, 0.00806112], [122658000.0, 0.1248]]},
{"timestamp": 1743938580733, "bids": [[122472000.0, 0.00244953], [122469000.0, 8.165e-05], [122452000.0, 8.166e-05], [122435000.0, 0.00130735], [122431000.0, 0.00588], [122422000.0, 0.00057203], [122421000.0, 0.00057203], [122420000.0, 0.01026], [122417000.0, 0.00057205], [122411000.0, 8.169e-05]], "asks": [[122480000.0, 0.00052253], [122500000.0, 0.00054051], [122509000.0, 0.049837], [122510000.0, 0.0021877], [122552000.0, 0.0365], [122553000.0, 0.00032626], [122574000.0, 0.027], [122644000.0, 0.12479999], [122648000.0, 0.00032601], [122652000.0, 0.00806112]]},
{"timestamp": 1743938581140, "bids": [[122472000.0, 0.00244953], [122469000.0, 8.165e-05], [122452000.0, 8.166e-05], [122435000.0, 0.00130735], [122431000.0, 0.00588], [122422000.0, 0.00057203], [122421000.0, 0.00057203], [122420000.0, 0.01026], [122417000.0, 0.00057205], [122411000.0, 8.169e-05]], "asks": [[122480000.0, 0.00052253], [122500000.0, 0.00054051], [122510000.0, 0.0021877], [122552000.0, 0.0365], [122553000.0, 0.00032626], [122574000.0, 0.027], [122644000.0, 0.12479999], [122648000.0, 0.00032601], [122652000.0, 0.00806112], [122658000.0, 0.1248]]},
{"timestamp": 1743938581141, "bids": [[122472000.0, 0.00244953], [122469000.0, 8.165e-05], [122452000.0, 8.166e-05], [122435000.0, 0.00130735], [122431000.0, 0.00588], [122422000.0, 0.00057203], [122421000.0, 0.00057203], [122420000.0, 0.01026], [122417000.0, 0.00057205], [122411000.0, 8.169e-05]], "asks": [[122480000.0, 0.00052253], [122500000.0, 0.00054051], [122510000.0, 0.0021877], [122552000.0, 0.0365], [122553000.0, 0.00032626], [122574000.0, 0.027], [122644000.0, 0.12479999], [122648000.0, 0.00032601], [122652000.0, 0.00806112], [122658000.0, 0.1248]]},
