[
{"timestamp": 1743933599304, "bids": [[122923000.0, 0.03730554], [122922000.0, 0.19544805], [122921000.0, 0.01810149], [122920000.0, 0.0005618], [122919000.0, 0.00139581], [122918000.0, 0.0180197], [122917000.0, 0.00192114], [122916000.0, 0.00013017], [122908000.0, 0.00122025], [122907000.0, 0.00178996]], "asks": [[122957000.0, 0.02037914], [122958000.0, 0.01219929], [122980000.0, 0.00652584], [122981000.0, 0.00243877], [122983000.0, 0.00026719], [122989000.0, 0.00040701], [122990000.0, 0.93964166], [122999000.0, 0.04780003], [123000000.0, 2.28201307], [123002000.0, 0.00040715]]},
{"timestamp": 1743933599404, "bids": [[122923000.0, 0.03730554], [122922000.0, 0.19544805], [122921000.0, 0.01810149], [122920000.0, 0.0005618], [122919000.0, 0.00139581], [122918000.0, 0.0180197], [122917000.0, 0.00192114], [122916000.0, 0.00013017], [122908000.0, 0.00122025], [122907000.0, 0.00178996]], "asks": [[122957000.0, 0.02037914], [122958000.0, 0.01219929], [122980000.0, 0.00652584], [122981000.0, 0.00243877], [122983000.0, 0.00026719], [122989000.0, 0.00040701], [122990000.0, 0.93964166], [122999000.0, 0.04780003], [123000000.0, 2.28201307], [123002000.0, 0.00040715]]},
{"timestamp": 1743933600004, "bids": [[122922000.0, 0.19544805], [122921000.0, 0.01810149], [122920000.0, 0.0005618], [122919000.0, 0.00139581], [122918000.0, 0.0180197], [122917000.0, 0.00192114], [122916000.0, 0.00013017], [122908000.0, 0.00122025], [122907000.0, 0.00178996], [122900000.0, 0.12320545]], "asks": [[122957000.0, 0.02037914], [122958000.0, 0.01219929], [122980000.0, 0.00652584], [122981000.0, 0.00243877], [122983000.0, 0.00026719], [122989000.0, 0.00040701], [122990000.0, 0.93964166], [122999000.0, 0.04780003], [123000000.0, 2.28201307], [123002000.0, 0.00040715]]},
{"timestamp": 1743933600104, "bids": [[122922000.0, 0.19544805], [122921000.0, 0.01810149], [122920000.0, 0.0005618], [122919000.0, 0.00139581], [122918000.0, 0.0180197], [122917000.0, 0.00192114], [122916000.0, 0.00013017], [122908000.0, 0.00122025], [122907000.0, 0.00178996], [122900000.0, 0.12320545]], "asks": [[122957000.0, 0.02037914], [122958000.0, 0.01219929], [122980000.0, 0.00652584], [122981000.0, 0.00243877], [122983000.0, 0.00026719], [122989000.0, 0.00040701], [122990000.0, 0.93964166], [122999000.0, 0.04780003], [123000000.0, 2.28201307], [123002000.0, 0.00040715]]},
{"timestamp": 1743933600304, "bids": [[122922000.0, 0.19544805], [122921000.0, 0.01810149], [122920000.0, 0.0005618], [122919000.0, 0.00139581], [122918000.0, 0.0180197], [122917000.0, 0.00192114], [122916000.0, 0.00013017], [122908000.0, 0.00122025], [122907000.0, 0.00178996], [122900000.0, 0.12320545]], "asks": [[122957000.0, 0.02037914], [122958000.0, 0.01219929], [122980000.0, 0.00652584], [122981000.0, 0.00243877], [122983000.0, 0.00026719], [122989000.0, 0.00040701], [122990000.0, 0.93964166], [122999000.0, 0.04780003], [123000000.0, 2.28201307], [123002000.0, 0.00040715]]},
{"timestamp": 1743933600704, "bids": [[122922000.0, 0.19544805], [122921000.0, 0.01810149], [122920000.0, 0.0005618], [122919000.0, 0.00139581], [122918000.0, 0.0180197], [122917000.0, 0.00192114], [122916000.0, 0.00013017], [122908000.0, 0.00122025], [122907000.0, 0.00178996], [122900000.0, 0.12320545]], "asks": [[122957000.0, 0.02028973], [122958000.0, 0.01219929], [122980000.0, 0.00652584], [122981000.0, 0.00243877], [122983000.0, 0.00026719], [122989000.0, 0.00040701], [122990000.0, 0.93964166], [122999000.0, 0.04780003], [123000000.0, 2.28201307], [123002000.0, 0.00040715]]},
{"timestamp": 1743933600804, "bids": [[122922000.0, 0.19544805], [122921000.0, 0.01810149], [122920000.0, 0.0005618], [122919000.0, 0.00139581], [122918000.0, 0.0180197], [122917000.0, 0.00192114], [122916000.0, 0.00013017], [122908000.0, 0.00122025], [122907000.0, 0.00178996], [122900000.0, 0.12320545]], "asks": [[122957000.0, 0.02012703], [122958000.0, 0.01219929], [122980000.0, 0.00652584], [122981000.0, 0.00243877], [122983000.0, 0.00026719], [122989000.0, 0.00040701], [122990000.0, 0.93964166], [122999000.0, 0.04780003], [123000000.0, 2.28201307], [123002000.0, 0.00040715]]},
{"timestamp": 1743933602304, "bids": [[122922000.0, 0.19544805], [122921000.0, 0.01810149], [122920000.0, 0.0005618], [122919000.0, 0.00139581], [122918000.0, 0.0180197], [122917000.0, 0.00192114], [122916000.0, 0.00013017], [122908000.0, 0.00122025], [122907000.0, 0.00178996], [122900000.0, 0.12320545]], "asks": [[122957000.0, 0.01931415], [122958000.0, 0.01219929], [122980000.0, 0.00652584], [122981000.0, 0.00243877], [122983000.0, 0.00026719], [122989000.0, 0.00040701], [122990000.0, 0.93964166], [122999000.0, 0.04780003], [123000000.0, 2.28201307], [123002000.0, 0.00040715]]},
{"timestamp": 1743933602404, "bids": [[122921000.0, 0.01810149], [122920000.0, 0.0005618], [122919000.0, 0.00139581], [122918000.0, 0.0180197], [122917000.0, 0.00192114], [122916000.0, 0.00013017], [122908000.0, 0.00122025], [122907000.0, 0.00178996], [122900000.0, 0.12320545], [122894000.0, 0.00232645]], "asks": [[122957000.0, 0.01931415], [122958000.0, 0.01219929], [122980000.0, 0.00652584], [122981000.0, 0.00243877], [122983000.0, 0.00026719], [122989000.0, 0.00040701], [122990000.0, 0.93964166], [122999000.0, 0.04780003], [123000000.0, 2.28201307], [123002000.0, 0.00040715]]},
{"timestamp": 1743933602504, "bids": [[122923000.0, 0.03730554], [122921000.0, 0.01810149], [122920000.0, 0.0005618], [122919000.0, 0.00139581], [122918000.0, 0.0180197], [122917000.0, 0.00192114], [122916000.0, 0.00013017], [122908000.0, 0.00122025], [122907000.0, 0.00178996], [122900000.0, 0.12320545]], "asks": [[122957000.0, 0.01931415], [122958000.0, 0.01219929], [122980000.0, 0.00652584], [122981000.0, 0.00243877], [122983000.0, 0.00026719], [122989000.0, 0.00040701], [122990000.0, 0.93964166], [122999000.0, 0.04780003], [123000000.0, 2.28201307], [123002000.0, 0.00040715]]},
{"timestamp": 1743933602604, "bids": [[122923000.0, 0.03954451], [122921000.0, 0.01810149], [122920000.0, 0.0005618], [122919000.0, 0.00139581], [122918000.0, 0.0180197], [122917000.0, 0.00192114], [122916000.0, 0.00013017], [122908000.0, 0.00122025], [122907000.0, 0.00178996], [122900000.0, 0.12320545]], "asks": [[122957000.0, 0.01931415], [122958000.0, 0.01219929], [122980000.0, 0.00652584], [122981000.0, 0.00243877], [122983000.0, 0.00026719], [122989000.0, 0.00040701], [122990000.0, 0.93964166], [122999000.0, 0.04780003], [123000000.0, 2.28201307], [123002000.0, 0.00040715]]},
{"timestamp": 1743933602704, "bids": [[122923000.0, 0.03954451], [122921000.0, 0.01810149], [122920000.0, 0.0005618], [122919000.0, 0.00139581], [122918000.0, 0.0180197], [122917000.0, 0.00192114], [122916000.0, 0.00013017], [122908000.0, 0.00122025], [122907000.0, 0.00178996], [122900000.0, 0.12320545]], "asks": [[122957000.0, 0.01931415], [122958000.0, 0.01219929], [122980000.0, 0.00652584], [122981000.0, 0.00243877], [122983000.0, 0.00026719], [122989000.0, 0.00040701], [122990000.0, 0.93964166], [122999000.0, 0.04780003], [123000000.0, 2.28201307], [123002000.0, 0.00040715]]},
{"timestamp": 1743933602804, "bids": [[122923000.0, 0.03954451], [122921000.0, 0.01810149], [122920000.0, 0.0005618], [122919000.0, 0.00139581], [122918000.0, 0.0180197], [122917000.0, 0.00192114], [122916000.0, 0.00013017], [122908000.0, 0.00122025], [122907000.0, 0.00178996], [122900000.0, 0.12320545]], "asks": [[122957000.0, 0.01931415], [122958000.0, 0.01219929], [122980000.0, 0.00652584], [122981000.0, 0.00243877], [122983000.0, 0.00026719], [122989000.0, 0.00040701], [122990000.0, 0.93964166], [122999000.0, 0.04780003], [123000000.0, 2.28201307], [123002000.0, 0.00040715]]},
{"timestamp": 1743933603504, "bids": [[122923000.0, 0.03954451], [122921000.0, 0.01810149], [122920000.0, 0.0005618], [122919000.0, 0.00139581], [122918000.0, 0.0180197], [122917000.0, 0.00192114], [122916000.0, 0.00013017], [122908000.0, 0.00122025], [122907000.0, 0.00178996], [122900000.0, 0.12320545]], "asks": [[122957000.0, 0.01927268], [122958000.0, 0.01219929], [122980000.0, 0.00652584], [122981000.0, 0.00243877], [122983000.0, 0.00026719], [122989000.0, 0.00040701], [122990000.0, 0.93964166], [122999000.0, 0.04780003], [123000000.0, 2.28201307], [123002000.0, 0.00040715]]},
{"timestamp": 1743933604004, "bids": [[122921000.0, 0.01810149], [122920000.0, 0.0005618], [122919000.0, 0.00139581], [122918000.0, 0.0180197], [122917000.0, 0.00192114], [122916000.0, 0.00013017], [122908000.0, 0.00122025], [122907000.0, 0.00178996], [122900000.0, 0.12320545], [122894000.0, 0.00232645]], "asks": [[122923000.0, 0.29244904], [122957000.0, 0.01927268], [122958000.0, 0.01219929], [122980000.0, 0.00652584], [122981000.0, 0.00243877], [122983000.0, 0.00026719], [122989000.0, 0.00040701], [122990000.0, 0.93964166], [122999000.0, 0.04780003], [123000000.0, 2.28201307]]},
{"timestamp": 1743933604104, "bids": [[122921000.0, 0.01810149], [122920000.0, 0.0005618], [122919000.0, 0.00139581], [122918000.0, 0.0180197], [122917000.0, 0.00192114], [122916000.0, 0.00013017], [122908000.0, 0.00122025], [122907000.0, 0.00178996], [122900000.0, 0.12320545], [122894000.0, 0.00232645]], "asks": [[122923000.0, 0.29244904], [122957000.0, 0.01927268], [122958000.0, 0.01219929], [122980000.0, 0.00652584], [122981000.0, 0.00243877], [122983000.0, 0.00026719], [122989000.0, 0.11606483], [122990000.0, 0.93964166], [122999000.0, 0.04780003], [123000000.0, 2.28201307]]},
{"timestamp": 1743933604204, "bids": [[122921000.0, 0.01810149], [122920000.0, 0.0005618], [122919000.0, 0.00139581], [122918000.0, 0.0180197], [122917000.0, 0.00192114], [122916000.0, 0.00013017], [122908000.0, 0.00122025], [122907000.0, 0.00178996], [122900000.0, 0.12320545], [122894000.0, 0.00232645]], "asks": [[122923000.0, 0.29244904], [122957000.0, 0.01927268], [122958000.0, 0.01219929], [122980000.0, 0.00652584], [122981000.0, 0.00243877], [122983000.0, 0.00026719], [122989000.0, 0.11606483], [122990000.0, 0.93964166], [122999000.0, 0.04780003], [123000000.0, 2.28201307]]},
{"timestamp": 1743933604304, "bids": [[122921000.0, 0.01810149], [122920000.0, 0.0005618], [122919000.0, 0.00139581], [122918000.0, 0.0180197], [122917000.0, 0.00192114], [122916000.0, 0.00013017], [122908000.0, 0.00122025], [122907000.0, 0.00178996], [122900000.0, 0.12320545], [122894000.0, 0.00232645]], "asks": [[122923000.0, 0.29244904], [122957000.0, 0.01927268], [122958000.0, 0.01219929], [122980000.0, 0.00652584], [122981000.0, 0.00243877], [122983000.0, 0.00026719], [122989000.0, 0.11606483], [122990000.0, 0.93964166], [122999000.0, 0.04780003], [123000000.0, 2.28201307]]},
{"timestamp": 1743933604404, "bids": [[122921000.0, 0.01810149], [122920000.0, 0.0005618], [122919000.0, 0.00139581], [122918000.0, 0.0180197], [122917000.0, 0.00192114], [122916000.0, 0.00013017], [122908000.0, 0.00122025], [122907000.0, 0.00178996], [122900000.0, 0.12320545], [122894000.0, 0.00232645]], "asks": [[122923000.0, 0.29244904], [122957000.0, 0.01927268], [122958000.0, 0.01219929], [122980000.0, 0.00652584], [122981000.0, 0.00243877], [122983000.0, 0.00026719], [122989000.0, 0.11606483], [122990000.0, 0.93964166], [122999000.0, 0.04780003], [123000000.0, 2.28201307]]},
{"timestamp": 1743933604504, "bids": [[122921000.0, 0.01810149], [122920000.0, 0.0005618], [122919000.0, 0.00139581], [122918000.0, 0.0180197], [122917000.0, 0.00192114], [122916000.0, 0.00013017], [122908000.0, 0.00122025], [122907000.0, 0.00178996], [122900000.0, 0.12320545], [122894000.0, 0.00232645]], "asks": [[122923000.0, 0.29244904], [122957000.0, 0.01927268], [122958000.0, 0.01219929], [122980000.0, 0.00652584], [122981000.0, 0.00243877], [122983000.0, 0.00026719], [122989000.0, 0.11606483], [122990000.0, 0.93964166], [122999000.0, 0.04780003], [123000000.0, 2.28201307]]},
{"timestamp": 1743933604604, "bids": [[122921000.0, 0.01810149], [122920000.0, 0.0005618], [122919000.0, 0.00139581], [122918000.0, 0.0180197], [122917000.0, 0.00192114], [122916000.0, 0.00013017], [122908000.0, 0.00122025], [122907000.0, 0.00178996], [122900000.0, 0.12320545], [122894000.0, 0.00232645]], "asks": [[122923000.0, 0.29244904], [122957000.0, 0.01927268], [122958000.0, 0.01219929], [122980000.0, 0.00652584], [122981000.0, 0.00243877], [122983000.0, 0.00026719], [122989000.0, 0.11606483], [122990000.0, 0.93964166], [122999000.0, 0.04780003], [123000000.0, 2.28201307]]},
{"timestamp": 1743933604704, "bids": [[122921000.0, 0.01810149], [122920000.0, 0.0005618], [122919000.0, 0.00139581], [122918000.0, 0.0180197], [122917000.0, 0.00192114], [122916000.0, 0.00013017], [122908000.0, 0.00122025], [122907000.0, 0.00178996], [122900000.0, 0.12320545], [122894000.0, 0.00232645]], "asks": [[122923000.0, 0.29244904], [122957000.0, 0.01927268], [122958000.0, 0.01219929], [122980000.0, 0.00652584], [122981000.0, 0.00243877], [122983000.0, 0.00026719], [122989000.0, 0.11606483], [122990000.0, 0.93964166], [122999000.0, 0.04780003], [123000000.0, 2.28201307]]},
{"timestamp": 1743933604804, "bids": [[122921000.0, 0.01810149], [122920000.0, 0.0005618], [122919000.0, 0.00139581], [122918000.0, 0.0180197], [122917000.0, 0.00192114], [122916000.0, 0.00013017], [122908000.0, 0.00122025], [122907000.0, 0.00178996], [122900000.0, 0.12320545], [122894000.0, 0.00232645]], "asks": [[122923000.0, 0.29244904], [122957000.0, 0.01927268], [122958000.0, 0.01219929], [122980000.0, 0.00652584], [122981000.0, 0.00243877], [122983000.0, 0.00026719], [122989000.0, 0.11606483], [122990000.0, 0.93964166], [122999000.0, 0.04780003], [123000000.0, 2.28201307]]},
{"timestamp": 1743933604904, "bids": [[122921000.0, 0.01810149], [122920000.0, 0.0005618], [122919000.0, 0.00139581], [122918000.0, 0.0180197], [122917000.0, 0.00192114], [122916000.0, 0.00013017], [122908000.0, 0.00122025], [122907000.0, 0.00178996], [122900000.0, 0.12320545], [122894000.0, 0.00232645]], "asks": [[122923000.0, 0.29244904], [122957000.0, 0.01927268], [122958000.0, 0.01219929], [122980000.0, 0.00652584], [122981000.0, 0.00243877], [122983000.0, 0.00026719], [122989000.0, 0.11606483], [122990000.0, 0.93964166], [122999000.0, 0.04780003], [123000000.0, 2.28201307]]},
{"timestamp": 1743933605004, "bids": [[122921000.0, 0.01810149], [122920000.0, 0.0005618], [122919000.0, 0.00139581], [122918000.0, 0.0180197], [122917000.0, 0.00192114], [122916000.0, 0.00013017], [122908000.0, 0.00122025], [122907000.0, 0.00178996], [122901000.0, 0.05], [122900000.0, 0.12320545]], "asks": [[122923000.0, 0.29244904], [122957000.0, 0.01927268], [122958000.0, 0.01219929], [122980000.0, 0.00652584], [122981000.0, 0.00243877], [122983000.0, 0.00026719], [122989000.0, 0.11606483], [122990000.0, 0.93964166], [122999000.0, 0.04780003], [123000000.0, 2.28201307]]},
{"timestamp": 1743933605204, "bids": [[122921000.0, 0.01798672], [122920000.0, 0.0005618], [122919000.0, 0.00139581], [122918000.0, 0.0180197], [122917000.0, 0.00192114], [122916000.0, 0.00013017], [122908000.0, 0.00122025], [122907000.0, 0.00178996], [122901000.0, 0.05], [122900000.0, 0.12320545]], "asks": [[122923000.0, 0.29239863], [122957000.0, 0.01927268], [122958000.0, 0.01219929], [122980000.0, 0.00652584], [122981000.0, 0.00243877], [122983000.0, 0.00026719], [122989000.0, 0.11606483], [122990000.0, 0.93964166], [122999000.0, 0.04780003], [123000000.0, 2.28201307]]},
{"timestamp": 1743933605304, "bids": [[122921000.0, 0.01798672], [122920000.0, 0.0005618], [122919000.0, 0.00139581], [122918000.0, 0.0180197], [122917000.0, 0.00192114], [122916000.0, 0.00013017], [122908000.0, 0.00122025], [122907000.0, 0.00178996], [122901000.0, 0.05], [122900000.0, 0.12320545]], "asks": [[122923000.0, 0.29239863], [122957000.0, 0.01927268], [122958000.0, 0.01219929], [122980000.0, 0.00652584], [122981000.0, 0.00243877], [122983000.0, 0.00026719], [122989000.0, 0.00040701], [122990000.0, 0.93964166], [122999000.0, 0.04780003], [123000000.0, 2.28201307]]},
{"timestamp": 1743933606104, "bids": [[122921000.0, 0.01798672], [122920000.0, 0.0005618], [122919000.0, 0.00139581], [122918000.0, 0.0180197], [122917000.0, 0.00192114], [122916000.0, 0.00013017], [122908000.0, 0.00122025], [122907000.0, 0.00178996], [122901000.0, 0.05], [122900000.0, 0.12320545]], "asks": [[122923000.0, 0.29239863], [122957000.0, 0.01927268], [122958000.0, 0.01219929], [122980000.0, 0.00652584], [122981000.0, 0.00243877], [122983000.0, 0.00026719], [122989000.0, 0.00040701], [122990000.0, 0.93964166], [122999000.0, 0.04780003], [123000000.0, 2.28201307]]},
{"timestamp": 1743933606204, "bids": [[122921000.0, 0.01798672], [122920000.0, 0.0005618], [122919000.0, 0.00139581], [122918000.0, 0.0180197], [122917000.0, 0.00192114], [122916000.0, 0.00013017], [122908000.0, 0.00122025], [122907000.0, 0.00178996], [122901000.0, 0.05], [122900000.0, 0.12320545]], "asks": [[122923000.0, 0.29231728], [122957000.0, 0.01927268], [122958000.0, 0.01219929], [122980000.0, 0.00652584], [122981000.0, 0.00243877], [122983000.0, 0.00026719], [122989000.0, 0.00040701], [122990000.0, 0.93964166], [122999000.0, 0.04780003], [123000000.0, 2.28201307]]},
{"timestamp": 1743933606304, "bids": [[122921000.0, 0.01798672], [122920000.0, 0.0005618], [122919000.0, 0.00139581], [122918000.0, 0.0180197], [122917000.0, 0.00192114], [122916000.0, 0.00013017], [122908000.0, 0.00122025], [122907000.0, 0.00178996], [122901000.0, 0.05], [122900000.0, 0.12320545]], "asks": [[122923000.0, 0.29231728], [122957000.0, 0.01927268], [122958000.0, 0.01219929], [122980000.0, 0.00652584], [122981000.0, 0.00243877], [122983000.0, 0.00026719], [122989000.0, 0.00040701], [122990000.0, 0.93964166], [122999000.0, 0.04780003], [123000000.0, 2.28201307]]},
{"timestamp": 1743933606804, "bids": [[122921000.0, 0.01798672], [122920000.0, 0.0005618], [122919000.0, 0.00139581], [122918000.0, 0.0180197], [122917000.0, 0.00192114], [122916000.0, 0.00013017], [122908000.0, 0.00122025], [122907000.0, 0.00178996], [122901000.0, 0.05], [122900000.0, 0.12320545]], "asks": [[122923000.0, 0.29227228], [122957000.0, 0.01927268], [122958000.0, 0.01219929], [122980000.0, 0.00652584], [122981000.0, 0.00243877], [122983000.0, 0.00026719], [122989000.0, 0.00040701], [122990000.0, 0.93964166], [122999000.0, 0.04780003], [123000000.0, 2.28201307]]},
{"timestamp": 1743933607004, "bids": [[122921000.0, 0.01782298], [122920000.0, 0.0005618], [122919000.0, 0.00139581], [122918000.0, 0.0180197], [122917000.0, 0.00192114], [122916000.0, 0.00013017], [122908000.0, 0.00122025], [122907000.0, 0.00178996], [122901000.0, 0.05], [122900000.0, 0.12320545]], "asks": [[122923000.0, 0.29218284], [122957000.0, 0.01927268], [122958000.0, 0.01219929], [122980000.0, 0.00652584], [122981000.0, 0.00243877], [122983000.0, 0.00026719], [122989000.0, 0.00040701], [122990000.0, 0.93964166], [122999000.0, 0.04780003], [123000000.0, 2.28201307]]},
{"timestamp": 1743933607204, "bids": [[122921000.0, 0.01782298], [122920000.0, 0.0005618], [122919000.0, 0.00139581], [122918000.0, 0.0180197], [122917000.0, 0.00192114], [122916000.0, 0.00013017], [122908000.0, 0.00122025], [122907000.0, 0.00178996], [122901000.0, 0.05], [122900000.0, 0.12320545]], "asks": [[122923000.0, 0.29218284], [122957000.0, 0.01927268], [122958000.0, 0.01219929], [122980000.0, 0.00652584], [122981000.0, 0.00243877], [122983000.0, 0.00026719], [122989000.0, 0.00040701], [122990000.0, 0.93964166], [122999000.0, 0.04780003], [123000000.0, 2.28201307]]},
{"timestamp": 1743933608204, "bids": [[122921000.0, 0.01782298], [122920000.0, 0.0005618], [122919000.0, 0.00139581], [122918000.0, 0.0180197], [122917000.0, 0.00192114], [122916000.0, 0.00013017], [122908000.0, 0.00122025], [122907000.0, 0.00178996], [122901000.0, 0.05], [122900000.0, 0.12320545]], "asks": [[122923000.0, 0.29218284], [122957000.0, 0.01927268], [122958000.0, 0.01219929], [122980000.0, 0.00652584], [122981000.0, 0.00243877], [122983000.0, 0.00026719], [122989000.0, 0.00040701], [122990000.0, 0.93964166], [122999000.0, 0.04780003], [123000000.0, 2.28201307]]},
{"timestamp": 1743933608304, "bids": [[122921000.0, 0.01782298], [122920000.0, 0.0005618], [122919000.0, 0.00139581], [122918000.0, 0.0180197], [122917000.0, 0.00192114], [122916000.0, 0.00013017], [122908000.0, 0.00122025], [122907000.0, 0.00178996], [122901000.0, 0.05], [122900000.0, 0.12320545]], "asks": [[122923000.0, 0.29218284], [122957000.0, 0.01927268], [122958000.0, 0.01219929], [122980000.0, 0.00652584], [122981000.0, 0.00243877], [122983000.0, 0.00026719], [122989000.0, 0.00040701], [122990000.0, 0.93964166], [122999000.0, 0.04780003], [123000000.0, 2.28201307]]},
{"timestamp": 1743933608404, "bids": [[122921000.0, 0.01782298], [122920000.0, 0.0005618], [122919000.0, 0.00139581], [122918000.0, 0.0180197], [122917000.0, 0.00192114], [122916000.0, 0.00013017], [122908000.0, 0.00122025], [122907000.0, 0.00178996], [122901000.0, 0.05], [122900000.0, 0.12320545]], "asks": [[122923000.0, 0.29218284], [122957000.0, 0.01927268], [122958000.0, 0.01219929], [122980000.0, 0.00652584], [122981000.0, 0.00243877], [122983000.0, 0.00026719], [122989000.0, 0.00040701], [122990000.0, 0.93964166], [122999000.0, 0.04780003], [123000000.0, 2.28201307]]},
{"timestamp": 1743933609904, "bids": [[122921000.0, 0.01782298], [122920000.0, 0.0005618], [122919000.0, 0.00139581], [122918000.0, 0.0180197], [122917000.0, 0.00192114], [122916000.0, 0.00013017], [122908000.0, 0.00122025], [122907000.0, 0.00178996], [122901000.0, 0.05], [122900000.0, 0.12320545]], "asks": [[122923000.0, 0.29136933], [122957000.0, 0.01927268], [122958000.0, 0.01219929], [122980000.0, 0.00652584], [122981000.0, 0.00243877], [122983000.0, 0.00026719], [122989000.0, 0.00040701], [122990000.0, 0.93964166], [122999000.0, 0.04780003], [123000000.0, 2.28201307]]},
{"timestamp": 1743933610204, "bids": [[122921000.0, 0.01782298], [122920000.0, 0.0005618], [122919000.0, 0.00139581], [122918000.0, 0.0180197], [122917000.0, 0.00192114], [122916000.0, 0.00013017], [122908000.0, 0.00122025], [122907000.0, 0.00178996], [122901000.0, 0.05], [122900000.0, 0.12320545]], "asks": [[122923000.0, 0.29136933], [122957000.0, 0.01927268], [122958000.0, 0.01219929], [122980000.0, 0.00652584], [122981000.0, 0.00243877], [122983000.0, 0.00026719], [122989000.0, 0.00040701], [122990000.0, 0.93964166], [122996000.0, 0.00906], [122999000.0, 0.04780003]]},
{"timestamp": 1743933610304, "bids": [[122921000.0, 0.01782298], [122920000.0, 0.0005618], [122919000.0, 0.00139581], [122918000.0, 0.0180197], [122917000.0, 0.00192114], [122916000.0, 0.00013017], [122908000.0, 0.00122025], [122907000.0, 0.00178996], [122900000.0, 0.12320545], [122894000.0, 0.00232645]], "asks": [[122923000.0, 0.29136933], [122957000.0, 0.01927268], [122958000.0, 0.01219929], [122980000.0, 0.00652584], [122981000.0, 0.00243877], [122983000.0, 0.00026719], [122989000.0, 0.00040701], [122990000.0, 0.93964166], [122996000.0, 0.00906], [122999000.0, 0.04780003]]},
{"timestamp": 1743933610404, "bids": [[122921000.0, 0.01782298], [122920000.0, 0.0005618], [122919000.0, 0.00139581], [122918000.0, 0.0180197], [122917000.0, 0.00192114], [122916000.0, 0.00013017], [122908000.0, 0.00122025], [122907000.0, 0.00178996], [122900000.0, 0.12320545], [122894000.0, 0.00232645]], "asks": [[122923000.0, 0.29136933], [122957000.0, 0.01927268], [122958000.0, 0.01219929], [122980000.0, 0.00652584], [122981000.0, 0.00243877], [122983000.0, 0.00026719], [122989000.0, 0.00040701], [122990000.0, 0.93964166], [122996000.0, 0.00906], [122999000.0, 0.04780003]]},
{"timestamp": 1743933610504, "bids": [[122921000.0, 0.01782298], [122920000.0, 0.0005618], [122919000.0, 0.00139581], [122918000.0, 0.0180197], [122917000.0, 0.00192114], [122916000.0, 0.00013017], [122908000.0, 0.00122025], [122907000.0, 0.00178996], [122900000.0, 0.12320545], [122894000.0, 0.00232645]], "asks": [[122923000.0, 0.29136933], [122957000.0, 0.01927268], [122958000.0, 0.01219929], [122980000.0, 0.00652584], [122981000.0, 0.00243877], [122983000.0, 0.00026719], [122989000.0, 0.00040701], [122990000.0, 0.93964166], [122996000.0, 0.00906], [122999000.0, 0.04780003]]},
{"timestamp": 1743933610604, "bids": [[122921000.0, 0.01782298], [122920000.0, 0.0005618], [122919000.0, 0.00139581], [122918000.0, 0.0180197], [122917000.0, 0.00192114], [122916000.0, 0.00013017], [122908000.0, 0.00122025], [122907000.0, 0.00178996], [122900000.0, 0.12320545], [122894000.0, 0.00232645]], "asks": [[122923000.0, 0.29136933], [122957000.0, 0.01927268], [122958000.0, 0.01219929], [122980000.0, 0.00652584], [122981000.0, 0.00243877], [122983000.0, 0.00026719], [122989000.0, 0.00040701], [122990000.0, 0.93964166], [122996000.0, 0.00906], [122999000.0, 0.04780003]]},
{"timestamp": 1743933610704, "bids": [[122921000.0, 0.01782298], [122920000.0, 0.0005618], [122919000.0, 0.00139581], [122918000.0, 0.0180197], [122917000.0, 0.00192114], [122916000.0, 0.00013017], [122908000.0, 0.00122025], [122907000.0, 0.00178996], [122900000.0, 0.12320545], [122894000.0, 0.00232645]], "asks": [[122923000.0, 0.29136933], [122957000.0, 0.01927268], [122958000.0, 0.01219929], [122980000.0, 0.00652584], [122981000.0, 0.00243877], [122983000.0, 0.00026719], [122989000.0, 0.00040701], [122990000.0, 0.93964166], [122996000.0, 0.00906], [122999000.0, 0.04780003]]},
{"timestamp": 1743933610804, "bids": [[122921000.0, 0.01782298], [122920000.0, 0.0005618], [122919000.0, 0.00139581], [122918000.0, 0.0180197], [122917000.0, 0.00192114], [122916000.0, 0.00013017], [122908000.0, 0.00122025], [122907000.0, 0.00178996], [122900000.0, 0.12320545], [122894000.0, 0.00232645]], "asks": [[122923000.0, 0.29136933], [122957000.0, 0.01927268], [122958000.0, 0.01219929], [122980000.0, 0.00652584], [122981000.0, 0.00243877], [122983000.0, 0.00026719], [122989000.0, 0.00040701], [122990000.0, 0.93964166], [122996000.0, 0.00906], [122999000.0, 0.04780003]]},
{"timestamp": 1743933610904, "bids": [[122921000.0, 0.01782298], [122920000.0, 0.0005618], [122919000.0, 0.00139581], [122918000.0, 0.0180197], [122917000.0, 0.00192114], [122916000.0, 0.00013017], [122908000.0, 0.00122025], [122907000.0, 0.00178996], [122900000.0, 0.12320545], [122894000.0, 0.00232645]], "asks": [[122923000.0, 0.29136933], [122957000.0, 0.01927268], [122958000.0, 0.01219929], [122980000.0, 0.00652584], [122981000.0, 0.00243877], [122983000.0, 0.00026719], [122989000.0, 0.00040701], [122990000.0, 0.93964166], [122996000.0, 0.00906], [122999000.0, 0.04780003]]},
{"timestamp": 1743933611004, "bids": [[122921000.0, 0.01782298], [122920000.0, 0.0005618], [122919000.0, 0.00139581], [122918000.0, 0.0180197], [122917000.0, 0.00192114], [122916000.0, 0.00013017], [122908000.0, 0.00122025], [122907000.0, 0.00178996], [122900000.0, 0.12320545], [122894000.0, 0.00232645]], "asks": [[122923000.0, 0.29136933], [122957000.0, 0.01927268], [122958000.0, 0.01219929], [122980000.0, 0.00652584], [122981000.0, 0.00243877], [122983000.0, 0.00026719], [122989000.0, 0.00040701], [122990000.0, 0.93964166], [122996000.0, 0.00906], [122999000.0, 0.04780003]]},
{"timestamp": 1743933611104, "bids": [[122921000.0, 0.01782298], [122920000.0, 0.0005618], [122919000.0, 0.00139581], [122918000.0, 0.0180197], [122917000.0, 0.00192114], [122916000.0, 0.00013017], [122908000.0, 0.00122025], [122907000.0, 0.00178996], [122900000.0, 0.12320545], [122894000.0, 0.00232645]], "asks": [[122923000.0, 0.29136933], [122957000.0, 0.01927268], [122958000.0, 0.01219929], [122980000.0, 0.00652584], [122981000.0, 0.00243877], [122983000.0, 0.00026719], [122989000.0, 0.00040701], [122990000.0, 0.93964166], [122996000.0, 0.00906], [122999000.0, 0.04780003]]},
{"timestamp": 1743933611204, "bids": [[122921000.0, 0.01782298], [122920000.0, 0.0005618], [122919000.0, 0.00139581], [122918000.0, 0.0180197], [122917000.0, 0.00192114], [122916000.0, 0.00013017], [122908000.0, 0.00122025], [122907000.0, 0.00178996], [122900000.0, 0.12320545], [122894000.0, 0.00232645]], "asks": [[122923000.0, 0.29136933], [122957000.0, 0.01927268], [122958000.0, 0.01219929], [122980000.0, 0.00652584], [122981000.0, 0.00243877], [122983000.0, 0.00026719], [122989000.0, 0.00040701], [122990000.0, 0.93964166], [122996000.0, 0.00906], [122999000.0, 0.04780003]]},
{"timestamp": 1743933611304, "bids": [[122921000.0, 0.01782298], [122920000.0, 0.0005618], [122919000.0, 0.00139581], [122918000.0, 0.0180197], [122917000.0, 0.00192114], [122916000.0, 0.00013017], [122908000.0, 0.00122025], [122907000.0, 0.00178996], [122900000.0, 0.12320545], [122894000.0, 0.00232645]], "asks": [[122923000.0, 0.29136933], [122957000.0, 0.01927268], [122958000.0, 0.01219929], [122980000.0, 0.00652584], [122981000.0, 0.00243877], [122983000.0, 0.00026719], [122989000.0, 0.00040701], [122990000.0, 0.93964166], [122996000.0, 0.00906], [122999000.0, 0.04780003]]},
{"timestamp": 1743933611404, "bids": [[122921000.0, 0.01782298], [122920000.0, 0.0005618], [122919000.0, 0.00139581], [122918000.0, 0.0180197], [122917000.0, 0.00192114], [122916000.0, 0.00013017], [122908000.0, 0.00122025], [122907000.0, 0.00178996], [122900000.0, 0.12320545], [122894000.0, 0.00232645]], "asks": [[122923000.0, 0.29136933], [122957000.0, 0.01927268], [122958000.0, 0.01219929], [122980000.0, 0.00652584], [122981000.0, 0.00243877], [122983000.0, 0.00026719], [122989000.0, 0.00040701], [122990000.0, 0.93964166], [122996000.0, 0.00906], [122999000.0, 0.04780003]]},
{"timestamp": 1743933611504, "bids": [[122921000.0, 0.01782298], [122920000.0, 0.0005618], [122919000.0, 0.00139581], [122918000.0, 0.0180197], [122917000.0, 0.00192114], [122916000.0, 0.00013017], [122908000.0, 0.00122025], [122907000.0, 0.00178996], [122900000.0, 0.12320545], [122894000.0, 0.00232645]], "asks": [[122923000.0, 0.29136933], [122957000.0, 0.01927268], [122958000.0, 0.01219929], [122980000.0, 0.00652584], [122981000.0, 0.00243877], [122983000.0, 0.00026719], [122989000.0, 0.00040701], [122990000.0, 0.93964166], [122996000.0, 0.00906], [122999000.0, 0.04780003]]},
{"timestamp": 1743933611604, "bids": [[122921000.0, 0.01782298], [122920000.0, 0.0005618], [122919000.0, 0.00139581], [122918000.0, 0.0180197], [122917000.0, 0.00192114], [122916000.0, 0.00013017], [122908000.0, 0.00122025], [122907000.0, 0.00178996], [122900000.0, 0.12320545], [122894000.0, 0.00232645]], "asks": [[122923000.0, 0.29136933], [122957000.0, 0.01927268], [122958000.0, 0.01219929], [122980000.0, 0.00652584], [122981000.0, 0.00243877], [122983000.0, 0.00026719], [122989000.0, 0.00040701], [122990000.0, 0.93964166], [122996000.0, 0.00906], [122999000.0, 0.04780003]]},
{"timestamp": 1743933611704, "bids": [[122921000.0, 0.01782298], [122920000.0, 0.0005618], [122919000.0, 0.00139581], [122918000.0, 0.0180197], [122917000.0, 0.00192114], [122916000.0, 0.00013017], [122908000.0, 0.00122025], [122907000.0, 0.00178996], [122900000.0, 0.12320545], [122894000.0, 0.00232645]], "asks": [[122923000.0, 0.29136933], [122957000.0, 0.01927268], [122958000.0, 0.01219929], [122980000.0, 0.00652584], [122981000.0, 0.00243877], [122983000.0, 0.00026719], [122989000.0, 0.00040701], [122990000.0, 0.93964166], [122996000.0, 0.00906], [122999000.0, 0.04780003]]},
{"timestamp": 1743933611804, "bids": [[122921000.0, 0.01782298], [122920000.0, 0.0005618], [122919000.0, 0.00139581], [122918000.0, 0.0180197], [122917000.0, 0.00192114], [122916000.0, 0.00013017], [122908000.0, 0.00122025], [122907000.0, 0.00178996], [122900000.0, 0.12320545], [122894000.0, 0.00232645]], "asks": [[122923000.0, 0.29136933], [122957000.0, 0.01927268], [122958000.0, 0.01219929], [122980000.0, 0.00652584], [122981000.0, 0.00243877], [122983000.0, 0.00026719], [122989000.0, 0.00040701], [122990000.0, 0.93964166], [122996000.0, 0.00906], [122999000.0, 0.04780003]]},
{"timestamp": 1743933611904, "bids": [[122921000.0, 0.01782298], [122920000.0, 0.0005618], [122919000.0, 0.00139581], [122918000.0, 0.0180197], [122917000.0, 0.00192114], [122916000.0, 0.00013017], [122908000.0, 0.00122025], [122907000.0, 0.00178996], [122900000.0, 0.12320545], [122894000.0, 0.00232645]], "asks": [[122923000.0, 0.29136933], [122957000.0, 0.01927268], [122958000.0, 0.01219929], [122980000.0, 0.00652584], [122981000.0, 0.00243877], [122983000.0, 0.00026719], [122989000.0, 0.00040701], [122990000.0, 0.93964166], [122996000.0, 0.00906], [122999000.0, 0.04780003]]},
{"timestamp": 1743933612004, "bids": [[122921000.0, 0.01782298], [122920000.0, 0.0005618], [122919000.0, 0.00139581], [122918000.0, 0.0180197], [122917000.0, 0.00192114], [122916000.0, 0.00013017], [122908000.0, 0.00122025], [122907000.0, 0.00178996], [122900000.0, 0.12320545], [122894000.0, 0.00232645]], "asks": [[122923000.0, 0.29136933], [122957000.0, 0.01927268], [122958000.0, 0.01219929], [122980000.0, 0.00652584], [122981000.0, 0.00243877], [122983000.0, 0.00026719], [122989000.0, 0.00040701], [122990000.0, 0.93964166], [122996000.0, 0.00906], [122999000.0, 0.04780003]]},
{"timestamp": 1743933612104, "bids": [[122921000.0, 0.01782298], [122920000.0, 0.0005618], [122919000.0, 0.00139581], [122918000.0, 0.0180197], [122917000.0, 0.00192114], [122916000.0, 0.00013017], [122908000.0, 0.00122025], [122907000.0, 0.00178996], [122900000.0, 0.12320545], [122894000.0, 0.00232645]], "asks": [[122923000.0, 0.29136933], [122957000.0, 0.01927268], [122958000.0, 0.01219929], [122980000.0, 0.00652584], [122981000.0, 0.00243877], [122983000.0, 0.00026719], [122989000.0, 0.00040701], [122990000.0, 0.93964166], [122996000.0, 0.00906], [122999000.0, 0.04780003]]},
{"timestamp": 1743933612204, "bids": [[122921000.0, 0.01782298], [122920000.0, 0.0005618], [122919000.0, 0.00139581], [122918000.0, 0.0180197], [122917000.0, 0.00192114], [122916000.0, 0.00013017], [122908000.0, 0.00122025], [122907000.0, 0.00178996], [122900000.0, 0.12320545], [122894000.0, 0.00232645]], "asks": [[122923000.0, 0.29136933], [122957000.0, 0.01927268], [122958000.0, 0.01219929], [122980000.0, 0.00652584], [122981000.0, 0.00243877], [122983000.0, 0.00026719], [122989000.0, 0.00040701], [122990000.0, 0.93964166], [122996000.0, 0.00906], [122999000.0, 0.04780003]]},
{"timestamp": 1743933612304, "bids": [[122921000.0, 0.01782298], [122920000.0, 0.0005618], [122919000.0, 0.00139581], [122918000.0, 0.0180197], [122917000.0, 0.00192114], [122916000.0, 0.00013017], [122908000.0, 0.00122025], [122907000.0, 0.00178996], [122900000.0, 0.12320545], [122894000.0, 0.00232645]], "asks": [[122923000.0, 0.29136933], [122957000.0, 0.01927268], [122958000.0, 0.01219929], [122980000.0, 0.00652584], [122981000.0, 0.00243877], [122983000.0, 0.00026719], [122989000.0, 0.00040701], [122990000.0, 0.93964166], [122996000.0, 0.00906], [122999000.0, 0.04780003]]},
{"timestamp": 1743933612404, "bids": [[122921000.0, 0.01782298], [122920000.0, 0.0005618], [122919000.0, 0.00139581], [122918000.0, 0.0180197], [122917000.0, 0.00192114], [122916000.0, 0.00013017], [122908000.0, 0.00122025], [122907000.0, 0.00178996], [122900000.0, 0.12320545], [122894000.0, 0.00232645]], "asks": [[122923000.0, 0.29136933], [122957000.0, 0.01927268], [122958000.0, 0.01219929], [122980000.0, 0.00652584], [122981000.0, 0.00243877], [122983000.0, 0.00026719], [122989000.0, 0.00040701], [122990000.0, 0.93964166], [122996000.0, 0.00906], [122999000.0, 0.04780003]]},
{"timestamp": 1743933612504, "bids": [[122921000.0, 0.01782298], [122920000.0, 0.0005618], [122919000.0, 0.00139581], [122918000.0, 0.0180197], [122917000.0, 0.00192114], [122916000.0, 0.00013017], [122908000.0, 0.00122025], [122907000.0, 0.00178996], [122900000.0, 0.12320545], [122894000.0, 0.00232645]], "asks": [[122923000.0, 0.29136933], [122957000.0, 0.01927268], [122958000.0, 0.01219929], [122980000.0, 0.00652584], [122981000.0, 0.00243877], [122983000.0, 0.00026719], [122989000.0, 0.00040701], [122990000.0, 0.93964166], [122996000.0, 0.00906], [122999000.0, 0.04780003]]},
{"timestamp": 1743933612604, "bids": [[122921000.0, 0.01782298], [122920000.0, 0.0005618], [122919000.0, 0.00139581], [122918000.0, 0.0180197], [122917000.0, 0.00192114], [122916000.0, 0.00013017], [122908000.0, 0.00122025], [122907000.0, 0.00178996], [122900000.0, 0.12320545], [122894000.0, 0.00232645]], "asks": [[122923000.0, 0.29136933], [122957000.0, 0.01927268], [122958000.0, 0.01219929], [122980000.0, 0.00652584], [122981000.0, 0.00243877], [122983000.0, 0.00026719], [122989000.0, 0.00040701], [122990000.0, 0.93964166], [122996000.0, 0.00906], [122999000.0, 0.04780003]]},
{"timestamp": 1743933612704, "bids": [[122921000.0, 0.01782298], [122920000.0, 0.0005618], [122919000.0, 0.00139581], [122918000.0, 0.0180197], [122917000.0, 0.00192114], [122916000.0, 0.00013017], [122908000.0, 0.00122025], [122907000.0, 0.00178996], [122900000.0, 0.12320545], [122894000.0, 0.00232645]], "asks": [[122923000.0, 0.29136933], [122957000.0, 0.01927268], [122958000.0, 0.01219929], [122980000.0, 0.00652584], [122981000.0, 0.00243877], [122983000.0, 0.00026719], [122989000.0, 0.00040701], [122990000.0, 0.93964166], [122996000.0, 0.00906], [122999000.0, 0.04780003]]},
{"timestamp": 1743933612804, "bids": [[122921000.0, 0.01782298], [122920000.0, 0.0005618], [122919000.0, 0.00139581], [122918000.0, 0.0180197], [122917000.0, 0.00192114], [122916000.0, 0.00013017], [122908000.0, 0.00122025], [122907000.0, 0.00178996], [122900000.0, 0.12320545], [122894000.0, 0.00232645]], "asks": [[122923000.0, 0.29136933], [122957000.0, 0.01927268], [122958000.0, 0.01219929], [122980000.0, 0.00652584], [122981000.0, 0.00243877], [122983000.0, 0.00026719], [122989000.0, 0.00040701], [122990000.0, 0.93964166], [122996000.0, 0.00906], [122999000.0, 0.04780003]]},
{"timestamp": 1743933612904, "bids": [[122921000.0, 0.01782298], [122920000.0, 0.0005618], [122919000.0, 0.00139581], [122918000.0, 0.0180197], [122917000.0, 0.00192114], [122916000.0, 0.00013017], [122908000.0, 0.00122025], [122907000.0, 0.00178996], [122900000.0, 0.12320545], [122894000.0, 0.00232645]], "asks": [[122923000.0, 0.29136933], [122957000.0, 0.01927268], [122958000.0, 0.01219929], [122980000.0, 0.00652584], [122981000.0, 0.00243877], [122983000.0, 0.00026719], [122989000.0, 0.00040701], [122990000.0, 0.93964166], [122996000.0, 0.00906], [122999000.0, 0.04780003]]},
{"timestamp": 1743933613004, "bids": [[122921000.0, 0.01782298], [122920000.0, 0.0005618], [122919000.0, 0.00139581], [122918000.0, 0.0180197], [122917000.0, 0.00192114], [122916000.0, 0.00013017], [122908000.0, 0.00122025], [122907000.0, 0.00178996], [122900000.0, 0.12320545], [122894000.0, 0.00232645]], "asks": [[122923000.0, 0.29136933], [122957000.0, 0.01927268], [122958000.0, 0.01219929], [122980000.0, 0.00652584], [122981000.0, 0.00243877], [122983000.0, 0.00026719], [122989000.0, 0.00040701], [122990000.0, 0.93964166], [122996000.0, 0.00906], [122999000.0, 0.04780003]]},
{"timestamp": 1743933613104, "bids": [[122921000.0, 0.01782298], [122920000.0, 0.0005618], [122919000.0, 0.00139581], [122918000.0, 0.0180197], [122917000.0, 0.00192114], [122916000.0, 0.00013017], [122908000.0, 0.00122025], [122907000.0, 0.00178996], [122900000.0, 0.12320545], [122894000.0, 0.00232645]], "asks": [[122923000.0, 0.29136933], [122957000.0, 0.01927268], [122958000.0, 0.01219929], [122980000.0, 0.00652584], [122981000.0, 0.00243877], [122983000.0, 0.00026719], [122989000.0, 0.00040701], [122990000.0, 0.93964166], [122996000.0, 0.00906], [122999000.0, 0.04780003]]},
{"timestamp": 1743933613204, "bids": [[122921000.0, 0.01782298], [122920000.0, 0.0005618], [122919000.0, 0.00139581], [122918000.0, 0.0180197], [122917000.0, 0.00192114], [122916000.0, 0.00013017], [122908000.0, 0.00122025], [122907000.0, 0.00178996], [122900000.0, 0.12320545], [122894000.0, 0.00232645]], "asks": [[122923000.0, 0.29136933], [122957000.0, 0.01927268], [122958000.0, 0.01219929], [122980000.0, 0.00652584], [122981000.0, 0.00243877], [122983000.0, 0.00026719], [122989000.0, 0.00040701], [122990000.0, 0.93964166], [122996000.0, 0.00906], [122999000.0, 0.04780003]]},
{"timestamp": 1743933613304, "bids": [[122921000.0, 0.01782298], [122920000.0, 0.0005618], [122919000.0, 0.00139581], [122918000.0, 0.0180197], [122917000.0, 0.00192114], [122916000.0, 0.00013017], [122908000.0, 0.00122025], [122907000.0, 0.00178996], [122900000.0, 0.12320545], [122894000.0, 0.00232645]], "asks": [[122923000.0, 0.29136933], [122957000.0, 0.01927268], [122958000.0, 0.01219929], [122980000.0, 0.00652584], [122981000.0, 0.00243877], [122983000.0, 0.00026719], [122989000.0, 0.00040701], [122990000.0, 0.93964166], [122996000.0, 0.00906], [122999000.0, 0.04780003]]},
{"timestamp": 1743933613404, "bids": [[122921000.0, 0.01782298], [122920000.0, 0.0005618], [122919000.0, 0.00139581], [122918000.0, 0.0180197], [122917000.0, 0.00192114], [122916000.0, 0.00013017], [122908000.0, 0.00122025], [122907000.0, 0.00178996], [122900000.0, 0.12320545], [122894000.0, 0.00232645]], "asks": [[122923000.0, 0.29136933], [122957000.0, 0.01927268], [122958000.0, 0.01219929], [122980000.0, 0.00652584], [122981000.0, 0.00243877], [122983000.0, 0.00026719], [122989000.0, 0.00040701], [122990000.0, 0.93964166], [122996000.0, 0.00906], [122999000.0, 0.04780003]]},
{"timestamp": 1743933613504, "bids": [[122921000.0, 0.01782298], [122920000.0, 0.0005618], [122919000.0, 0.00139581], [122918000.0, 0.0180197], [122917000.0, 0.00192114], [122916000.0, 0.00013017], [122908000.0, 0.00122025], [122907000.0, 0.00178996], [122900000.0, 0.12320545], [122894000.0, 0.00232645]], "asks": [[122923000.0, 0.29136933], [122957000.0, 0.01927268], [122958000.0, 0.01219929], [122980000.0, 0.00652584], [122981000.0, 0.00243877], [122983000.0, 0.00026719], [122989000.0, 0.00040701], [122990000.0, 0.93964166], [122996000.0, 0.00906], [122999000.0, 0.04780003]]},
{"timestamp": 1743933613604, "bids": [[122921000.0, 0.01782298], [122920000.0, 0.0005618], [122919000.0, 0.00139581], [122918000.0, 0.0180197], [122917000.0, 0.00192114], [122916000.0, 0.00013017], [122908000.0, 0.00122025], [122907000.0, 0.00178996], [122900000.0, 0.12320545], [122894000.0, 0.00232645]], "asks": [[122923000.0, 0.29136933], [122957000.0, 0.01927268], [122958000.0, 0.01219929], [122980000.0, 0.00652584], [122981000.0, 0.00243877], [122983000.0, 0.00026719], [122989000.0, 0.00040701], [122990000.0, 0.93964166], [122996000.0, 0.00906], [122999000.0, 0.04780003]]},
{"timestamp": 1743933613704, "bids": [[122921000.0, 0.01782298], [122920000.0, 0.0005618], [122919000.0, 0.00139581], [122918000.0, 0.0180197], [122917000.0, 0.00192114], [122916000.0, 0.00013017], [122908000.0, 0.00122025], [122907000.0, 0.00178996], [122900000.0, 0.12320545], [122894000.0, 0.00232645]], "asks": [[122923000.0, 0.29136933], [122957000.0, 0.01927268], [122958000.0, 0.01219929], [122980000.0, 0.00652584], [122981000.0, 0.00243877], [122983000.0, 0.00026719], [122989000.0, 0.00040701], [122990000.0, 0.93964166], [122996000.0, 0.00906], [122999000.0, 0.04780003]]},
{"timestamp": 1743933613804, "bids": [[122921000.0, 0.01782298], [122920000.0, 0.0005618], [122919000.0, 0.00139581], [122918000.0, 0.0180197], [122917000.0, 0.00192114], [122916000.0, 0.00013017], [122908000.0, 0.00122025], [122907000.0, 0.00178996], [122900000.0, 0.12320545], [122894000.0, 0.00232645]], "asks": [[122923000.0, 0.29136933], [122957000.0, 0.01927268], [122958000.0, 0.01219929], [122980000.0, 0.00652584], [122981000.0, 0.00243877], [122983000.0, 0.00026719], [122989000.0, 0.00040701], [122990000.0, 0.93964166], [122996000.0, 0.00906], [122999000.0, 0.04780003]]},
{"timestamp": 1743933613904, "bids": [[122921000.0, 0.01782298], [122920000.0, 0.0005618], [122919000.0, 0.00139581], [122918000.0, 0.0180197], [122917000.0, 0.00192114], [122916000.0, 0.00013017], [122908000.0, 0.00122025], [122907000.0, 0.00178996], [122900000.0, 0.12320545], [122894000.0, 0.00232645]], "asks": [[122923000.0, 0.29136933], [122957000.0, 0.01927268], [122958000.0, 0.01219929], [122980000.0, 0.00652584], [122981000.0, 0.00243877], [122983000.0, 0.00026719], [122989000.0, 0.00040701], [122990000.0, 0.93964166], [122996000.0, 0.00906], [122999000.0, 0.04780003]]},
{"timestamp": 1743933614004, "bids": [[122921000.0, 0.01782298], [122920000.0, 0.0005618], [122919000.0, 0.00139581], [122918000.0, 0.0180197], [122917000.0, 0.00192114], [122916000.0, 0.00013017], [122908000.0, 0.00122025], [122907000.0, 0.00178996], [122900000.0, 0.12320545], [122894000.0, 0.00232645]], "asks": [[122923000.0, 0.29136933], [122957000.0, 0.01927268], [122958000.0, 0.01219929], [122980000.0, 0.00652584], [122981000.0, 0.00243877], [122983000.0, 0.00026719], [122989000.0, 0.00040701], [122990000.0, 0.93964166], [122996000.0, 0.00906], [122999000.0, 0.04780003]]},
{"timestamp": 1743933614104, "bids": [[122921000.0, 0.01782298], [122920000.0, 0.0005618], [122919000.0, 0.00139581], [122918000.0, 0.0180197], [122917000.0, 0.00192114], [122916000.0, 0.00013017], [122908000.0, 0.00122025], [122907000.0, 0.00178996], [122900000.0, 0.12320545], [122894000.0, 0.00232645]], "asks": [[122923000.0, 0.29136933], [122957000.0, 0.01927268], [122958000.0, 0.01219929], [122980000.0, 0.00652584], [122981000.0, 0.00243877], [122983000.0, 0.00026719], [122989000.0, 0.00040701], [122990000.0, 0.93964166], [122996000.0, 0.00906], [122999000.0, 0.04780003]]},
{"timestamp": 1743933614204, "bids": [[122921000.0, 0.01782298], [122920000.0, 0.0005618], [122919000.0, 0.00139581], [122918000.0, 0.0180197], [122917000.0, 0.00192114], [122916000.0, 0.00013017], [122908000.0, 0.00122025], [122907000.0, 0.00178996], [122900000.0, 0.12320545], [122894000.0, 0.00232645]], "asks": [[122923000.0, 0.29136933], [122957000.0, 0.01927268], [122958000.0, 0.01219929], [122980000.0, 0.00652584], [122981000.0, 0.00243877], [122983000.0, 0.00026719], [122989000.0, 0.00040701], [122990000.0, 0.93964166], [122996000.0, 0.00906], [122999000.0, 0.04780003]]},
{"timestamp": 1743933614304, "bids": [[122921000.0, 0.01782298], [122920000.0, 0.0005618], [122919000.0, 0.00139581], [122918000.0, 0.0180197], [122917000.0, 0.00192114], [122916000.0, 0.00013017], [122908000.0, 0.00122025], [122907000.0, 0.00178996], [122900000.0, 0.12320545], [122894000.0, 0.00232645]], "asks": [[122923000.0, 0.29136933], [122957000.0, 0.01927268], [122958000.0, 0.01219929], [122980000.0, 0.00652584], [122981000.0, 0.00243877], [122983000.0, 0.00026719], [122989000.0, 0.00040701], [122990000.0, 0.93964166], [122996000.0, 0.00906], [122999000.0, 0.04780003]]},
{"timestamp": 1743933614404, "bids": [[122921000.0, 0.00972916], [122920000.0, 0.0005618], [122919000.0, 0.00139581], [122918000.0, 0.0180197], [122917000.0, 0.00192114], [122916000.0, 0.00013017], [122908000.0, 0.00122025], [122907000.0, 0.00178996], [122900000.0, 0.12320545], [122894000.0, 0.00232645]], "asks": [[122923000.0, 0.29136933], [122957000.0, 0.01927268], [122958000.0, 0.01219929], [122980000.0, 0.00652584], [122981000.0, 0.00243877], [122983000.0, 0.00026719], [122989000.0, 0.00040701], [122990000.0, 0.93964166], [122996000.0, 0.00906], [122999000.0, 0.04780003]]},
{"timestamp": 1743933614504, "bids": [[122921000.0, 0.00972916], [122920000.0, 0.0005618], [122919000.0, 0.00139581], [122918000.0, 0.0180197], [122917000.0, 0.00192114], [122916000.0, 0.00013017], [122908000.0, 0.00122025], [122907000.0, 0.00178996], [122900000.0, 0.12320545], [122894000.0, 0.00232645]], "asks": [[122923000.0, 0.29136933], [122957000.0, 0.20927268], [122958000.0, 0.01219929], [122980000.0, 0.00652584], [122981000.0, 0.00243877], [122983000.0, 0.00026719], [122989000.0, 0.00040701], [122990000.0, 0.93964166], [122996000.0, 0.00906], [122999000.0, 0.04780003]]},
{"timestamp": 1743933614604, "bids": [[122921000.0, 0.00972916], [122920000.0, 0.0005618], [122919000.0, 0.00139581], [122918000.0, 0.0180197], [122917000.0, 0.00192114], [122916000.0, 0.00013017], [122908000.0, 0.00122025], [122907000.0, 0.00178996], [122900000.0, 0.12320545], [122894000.0, 0.00232645]], "asks": [[122923000.0, 0.29136933], [122957000.0, 0.20927268], [122958000.0, 0.01219929], [122980000.0, 0.00652584], [122981000.0, 0.00243877], [122983000.0, 0.00026719], [122989000.0, 0.00040701], [122990000.0, 0.93964166], [122996000.0, 0.00906], [122999000.0, 0.04780003]]},
{"timestamp": 1743933614704, "bids": [[122921000.0, 0.00972916], [122920000.0, 0.0005618], [122919000.0, 0.00139581], [122918000.0, 0.0180197], [122917000.0, 0.00192114], [122916000.0, 0.00013017], [122908000.0, 0.00122025], [122907000.0, 0.00178996], [122900000.0, 0.12320545], [122894000.0, 0.00232645]], "asks": [[122923000.0, 0.29136933], [122957000.0, 0.20927268], [122958000.0, 0.01219929], [122980000.0, 0.00652584], [122981000.0, 0.00243877], [122983000.0, 0.00026719], [122989000.0, 0.00040701], [122990000.0, 0.93964166], [122996000.0, 0.00906], [122999000.0, 0.04780003]]},
{"timestamp": 1743933614804, "bids": [[122921000.0, 0.00972916], [122920000.0, 0.0005618], [122919000.0, 0.00139581], [122918000.0, 0.0180197], [122917000.0, 0.00192114], [122916000.0, 0.00013017], [122908000.0, 0.00122025], [122907000.0, 0.00178996], [122900000.0, 0.12320545], [122894000.0, 0.00232645]], "asks": [[122923000.0, 0.29136933], [122957000.0, 0.20927268], [122958000.0, 0.01219929], [122980000.0, 0.00652584], [122981000.0, 0.00243877], [122983000.0, 0.00026719], [122989000.0, 0.00040701], [122990000.0, 0.93964166], [122996000.0, 0.00906], [122999000.0, 0.04780003]]},
{"timestamp": 1743933614904, "bids": [[122921000.0, 0.00972916], [122920000.0, 0.0005618], [122919000.0, 0.00139581], [122918000.0, 0.0180197], [122917000.0, 0.00192114], [122916000.0, 0.00013017], [122908000.0, 0.00122025], [122907000.0, 0.00178996], [122900000.0, 0.12320545], [122894000.0, 0.00232645]], "asks": [[122923000.0, 0.29136933], [122957000.0, 0.20927268], [122958000.0, 0.01219929], [122980000.0, 0.00652584], [122981000.0, 0.00243877], [122983000.0, 0.00026719], [122989000.0, 0.00040701], [122990000.0, 0.93964166], [122996000.0, 0.00906], [122999000.0, 0.04780003]]},
{"timestamp": 1743933615004, "bids": [[122921000.0, 0.00972916], [122920000.0, 0.0005618], [122919000.0, 0.00139581], [122918000.0, 0.0180197], [122917000.0, 0.00192114], [122916000.0, 0.00013017], [122908000.0, 0.00122025], [122907000.0, 0.00178996], [122900000.0, 0.12320545], [122894000.0, 0.00232645]], "asks": [[122923000.0, 0.29136933], [122957000.0, 0.20927268], [122958000.0, 0.01219929], [122980000.0, 0.00652584], [122981000.0, 0.00243877], [122983000.0, 0.00026719], [122989000.0, 0.00040701], [122990000.0, 0.93964166], [122996000.0, 0.00906], [122999000.0, 0.04780003]]},
{"timestamp": 1743933615104, "bids": [[122921000.0, 0.00972916], [122920000.0, 0.0005618], [122919000.0, 0.00139581], [122918000.0, 0.0180197], [122917000.0, 0.00192114], [122916000.0, 0.00013017], [122908000.0, 0.00122025], [122907000.0, 0.00178996], [122900000.0, 0.12320545], [122894000.0, 0.00232645]], "asks": [[122923000.0, 0.29136933], [122957000.0, 0.20927268], [122958000.0, 0.01219929], [122980000.0, 0.00652584], [122981000.0, 0.00243877], [122983000.0, 0.00026719], [122989000.0, 0.00040701], [122990000.0, 0.93964166], [122996000.0, 0.00906], [122999000.0, 0.04780003]]},
{"timestamp": 1743933615204, "bids": [[122921000.0, 0.00972916], [122920000.0, 0.0005618], [122919000.0, 0.00139581], [122918000.0, 0.0180197], [122917000.0, 0.00192114], [122916000.0, 0.00013017], [122908000.0, 0.00122025], [122907000.0, 0.00178996], [122900000.0, 0.12320545], [122894000.0, 0.00232645]], "asks": [[122923000.0, 0.29136933], [122957000.0, 0.20927268], [122958000.0, 0.01219929], [122980000.0, 0.00652584], [122981000.0, 0.00243877], [122983000.0, 0.00026719], [122989000.0, 0.00040701], [122990000.0, 0.93964166], [122996000.0, 0.00906], [122999000.0, 0.04780003]]},
{"timestamp": 1743933615304, "bids": [[122921000.0, 0.00972916], [122920000.0, 0.0005618], [122919000.0, 0.00139581], [122918000.0, 0.0180197], [122917000.0, 0.00192114], [122916000.0, 0.00013017], [122908000.0, 0.00122025], [122907000.0, 0.00178996], [122900000.0, 0.12320545], [122894000.0, 0.00232645]], "asks": [[122923000.0, 0.29136933], [122957000.0, 0.20927268], [122958000.0, 0.01219929], [122980000.0, 0.00652584], [122981000.0, 0.00243877], [122983000.0, 0.00026719], [122989000.0, 0.00040701], [122990000.0, 0.93964166], [122996000.0, 0.00906], [122999000.0, 0.04780003]]},
{"timestamp": 1743933615404, "bids": [[122921000.0, 0.00972916], [122920000.0, 0.0005618], [122919000.0, 0.00139581], [122918000.0, 0.0180197], [122917000.0, 0.00192114], [122916000.0, 0.00013017], [122908000.0, 0.00122025], [122907000.0, 0.00178996], [122900000.0, 0.12320545], [122894000.0, 0.00232645]], "asks": [[122923000.0, 0.29136933], [122957000.0, 0.20927268], [122958000.0, 0.01219929], [122980000.0, 0.00652584], [122981000.0, 0.00243877], [122983000.0, 0.00026719], [122989000.0, 0.00040701], [122990000.0, 0.93964166], [122996000.0, 0.00906], [122999000.0, 0.04780003]]},
{"timestamp": 1743933615504, "bids": [[122921000.0, 0.00972916], [122920000.0, 0.0005618], [122919000.0, 0.00139581], [122918000.0, 0.0180197], [122917000.0, 0.00192114], [122916000.0, 0.00013017], [122908000.0, 0.00122025], [122907000.0, 0.00178996], [122900000.0, 0.12320545], [122894000.0, 0.00232645]], "asks": [[122923000.0, 0.29136933], [122957000.0, 0.20927268], [122958000.0, 0.01219929], [122980000.0, 0.00652584], [122981000.0, 0.00243877], [122983000.0, 0.00026719], [122989000.0, 0.00040701], [122990000.0, 0.93964166], [122996000.0, 0.00906], [122999000.0, 0.04780003]]},
{"timestamp": 1743933615604, "bids": [[122921000.0, 0.00972916], [122920000.0, 0.0005618], [122919000.0, 0.00139581], [122918000.0, 0.0180197], [122917000.0, 0.00192114], [122916000.0, 0.00013017], [122908000.0, 0.00122025], [122907000.0, 0.00178996], [122900000.0, 0.12320545], [122894000.0, 0.00232645]], "asks": [[122923000.0, 0.29136933], [122957000.0, 0.20927268], [122958000.0, 0.01219929], [122980000.0, 0.00652584], [122981000.0, 0.00243877], [122983000.0, 0.00026719], [122989000.0, 0.00040701], [122990000.0, 0.93964166], [122996000.0, 0.00906], [122999000.0, 0.04780003]]},
{"timestamp": 1743933615704, "bids": [[122921000.0, 0.00972916], [122920000.0, 0.0005618], [122919000.0, 0.00139581], [122918000.0, 0.0180197], [122917000.0, 0.00192114], [122916000.0, 0.00013017], [122908000.0, 0.00122025], [122907000.0, 0.00178996], [122900000.0, 0.12320545], [122894000.0, 0.00232645]], "asks": [[122923000.0, 0.29136933], [122957000.0, 0.20927268], [122958000.0, 0.01219929], [122980000.0, 0.00652584], [122981000.0, 0.00243877], [122983000.0, 0.00026719], [122989000.0, 0.00040701], [122990000.0, 0.93964166], [122996000.0, 0.00906], [122999000.0, 0.04780003]]},
{"timestamp": 1743933615804, "bids": [[122921000.0, 0.00972916], [122920000.0, 0.0005618], [122919000.0, 0.00139581], [122918000.0, 0.0180197], [122917000.0, 0.00192114], [122916000.0, 0.00013017], [122908000.0, 0.00122025], [122907000.0, 0.00178996], [122900000.0, 0.12320545], [122894000.0, 0.00232645]], "asks": [[122923000.0, 0.29136933], [122957000.0, 0.20927268], [122958000.0, 0.01219929], [122980000.0, 0.00652584], [122981000.0, 0.00243877], [122983000.0, 0.00026719], [122989000.0, 0.00040701], [122990000.0, 0.93964166], [122996000.0, 0.00906], [122999000.0, 0.04780003]]},
{"timestamp": 1743933615904, "bids": [[122921000.0, 0.00972916], [122920000.0, 0.0005618], [122919000.0, 0.00139581], [122918000.0, 0.0180197], [122917000.0, 0.00192114], [122916000.0, 0.00013017], [122908000.0, 0.00122025], [122907000.0, 0.00178996], [122900000.0, 0.12320545], [122894000.0, 0.00232645]], "asks": [[122923000.0, 0.29136933], [122957000.0, 0.20927268], [122958000.0, 0.01219929], [122980000.0, 0.00652584], [122981000.0, 0.00243877], [122983000.0, 0.00026719], [122989000.0, 0.00040701], [122990000.0, 0.93964166], [122996000.0, 0.00906], [122999000.0, 0.04780003]]},
{"timestamp": 1743933616004, "bids": [[122921000.0, 0.00972916], [122920000.0, 0.0005618], [122919000.0, 0.00139581], [122918000.0, 0.0180197], [122917000.0, 0.00192114], [122916000.0, 0.00013017], [122908000.0, 0.00122025], [122907000.0, 0.00178996], [122900000.0, 0.12320545], [122894000.0, 0.00232645]], "asks": [[122923000.0, 0.29136933], [122957000.0, 0.20927268], [122958000.0, 0.01219929], [122980000.0, 0.00652584], [122981000.0, 0.00243877], [122983000.0, 0.00026719], [122989000.0, 0.00040701], [122990000.0, 0.93964166], [122996000.0, 0.00906], [122999000.0, 0.04780003]]},
{"timestamp": 1743933616104, "bids": [[122921000.0, 0.00972916], [122920000.0, 0.0005618], [122919000.0, 0.00139581], [122918000.0, 0.0180197], [122917000.0, 0.00192114], [122916000.0, 0.00013017], [122908000.0, 0.00122025], [122907000.0, 0.00178996], [122900000.0, 0.12320545], [122894000.0, 0.00232645]], "asks": [[122923000.0, 0.29136933], [122957000.0, 0.20927268], [122958000.0, 0.01219929], [122980000.0, 0.00652584], [122981000.0, 0.00243877], [122983000.0, 0.00026719], [122989000.0, 0.00040701], [122990000.0, 0.93964166], [122996000.0, 0.00906], [122999000.0, 0.04780003]]},
{"timestamp": 1743933616204, "bids": [[122921000.0, 0.00972916], [122920000.0, 0.0005618], [122919000.0, 0.00139581], [122918000.0, 0.0180197], [122917000.0, 0.00192114], [122916000.0, 0.00013017], [122908000.0, 0.00122025], [122907000.0, 0.00178996], [122900000.0, 0.12320545], [122894000.0, 0.00232645]], "asks": [[122923000.0, 0.29136933], [122957000.0, 0.20927268], [122958000.0, 0.01219929], [122980000.0, 0.00652584], [122981000.0, 0.00243877], [122983000.0, 0.00026719], [122989000.0, 0.00040701], [122990000.0, 0.93964166], [122996000.0, 0.00906], [122999000.0, 0.04780003]]},
{"timestamp": 1743933616304, "bids": [[122921000.0, 0.00972916], [122920000.0, 0.0005618], [122919000.0, 0.00139581], [122918000.0, 0.0180197], [122917000.0, 0.00192114], [122916000.0, 0.00013017], [122908000.0, 0.00122025], [122907000.0, 0.00178996], [122900000.0, 0.12320545], [122894000.0, 0.00232645]], "asks": [[122923000.0, 0.29136933], [122957000.0, 0.20927268], [122958000.0, 0.01219929], [122980000.0, 0.00652584], [122981000.0, 0.00243877], [122983000.0, 0.00026719], [122989000.0, 0.00040701], [122990000.0, 0.93964166], [122996000.0, 0.00906], [122999000.0, 0.04780003]]},
{"timestamp": 1743933616404, "bids": [[122921000.0, 0.00972916], [122920000.0, 0.0005618], [122919000.0, 0.00139581], [122918000.0, 0.0180197], [122917000.0, 0.00192114], [122916000.0, 0.00013017], [122908000.0, 0.00122025], [122907000.0, 0.00178996], [122900000.0, 0.12320545], [122894000.0, 0.00232645]], "asks": [[122923000.0, 0.29136933], [122957000.0, 0.20927268], [122958000.0, 0.01219929], [122980000.0, 0.00652584], [122981000.0, 0.00243877], [122983000.0, 0.00026719], [122989000.0, 0.00040701], [122990000.0, 0.93964166], [122996000.0, 0.00906], [122999000.0, 0.04780003]]},
{"timestamp": 1743933616504, "bids": [[122921000.0, 0.00972916], [122920000.0, 0.0005618], [122919000.0, 0.00139581], [122918000.0, 0.0180197], [122917000.0, 0.00192114], [122916000.0, 0.00013017], [122908000.0, 0.00122025], [122907000.0, 0.00178996], [122900000.0, 0.12320545], [122894000.0, 0.00232645]], "asks": [[122923000.0, 0.29136933], [122957000.0, 0.20927268], [122958000.0, 0.01219929], [122980000.0, 0.00652584], [122981000.0, 0.00243877], [122983000.0, 0.00026719], [122989000.0, 0.00040701], [122990000.0, 0.93964166], [122996000.0, 0.00906], [122999000.0, 0.04780003]]},
{"timestamp": 1743933616604, "bids": [[122921000.0, 0.00972916], [122920000.0, 0.0005618], [122919000.0, 0.00139581], [122918000.0, 0.0180197], [122917000.0, 0.00192114], [122916000.0, 0.00013017], [122908000.0, 0.00122025], [122907000.0, 0.00178996], [122900000.0, 0.12320545], [122894000.0, 0.00232645]], "asks": [[122923000.0, 0.29136933], [122957000.0, 0.20927268], [122958000.0, 0.01219929], [122980000.0, 0.00652584], [122981000.0, 0.00243877], [122983000.0, 0.00026719], [122989000.0, 0.00040701], [122990000.0, 0.93964166], [122996000.0, 0.00906], [122999000.0, 0.04780003]]},
{"timestamp": 1743933616704, "bids": [[122921000.0, 0.00972916], [122920000.0, 0.0005618], [122919000.0, 0.00139581], [122918000.0, 0.0180197], [122917000.0, 0.00192114], [122916000.0, 0.00013017], [122908000.0, 0.00122025], [122907000.0, 0.00178996], [122900000.0, 0.12320545], [122894000.0, 0.00232645]], "asks": [[122923000.0, 0.29136933], [122957000.0, 0.20927268], [122958000.0, 0.01219929], [122980000.0, 0.00652584], [122981000.0, 0.00243877], [122983000.0, 0.00026719], [122989000.0, 0.00040701], [122990000.0, 0.93964166], [122996000.0, 0.00906], [122999000.0, 0.04780003]]},
{"timestamp": 1743933616804, "bids": [[122921000.0, 0.00972916], [122920000.0, 0.0005618], [122919000.0, 0.00139581], [122918000.0, 0.0180197], [122917000.0, 0.00192114], [122916000.0, 0.00013017], [122908000.0, 0.00122025], [122907000.0, 0.00178996], [122900000.0, 0.12320545], [122894000.0, 0.00232645]], "asks": [[122923000.0, 0.29136933], [122957000.0, 0.20927268], [122958000.0, 0.01219929], [122980000.0, 0.00652584], [122981000.0, 0.00243877], [122983000.0, 0.00026719], [122989000.0, 0.00040701], [122990000.0, 0.93964166], [122996000.0, 0.00906], [122999000.0, 0.04780003]]},
{"timestamp": 1743933616904, "bids": [[122921000.0, 0.00972916], [122920000.0, 0.0005618], [122919000.0, 0.00139581], [122918000.0, 0.0180197], [122917000.0, 0.00192114], [122916000.0, 0.00013017], [122908000.0, 0.00122025], [122907000.0, 0.00178996], [122900000.0, 0.12320545], [122894000.0, 0.00232645]], "asks": [[122923000.0, 0.29136933], [122957000.0, 0.20927268], [122958000.0, 0.01219929], [122980000.0, 0.00652584], [122981000.0, 0.00243877], [122983000.0, 0.00026719], [122989000.0, 0.00040701], [122990000.0, 0.93964166], [122996000.0, 0.00906], [122999000.0, 0.04780003]]},
{"timestamp": 1743933617004, "bids": [[122921000.0, 0.00972916], [122920000.0, 0.0005618], [122919000.0, 0.00139581], [122918000.0, 0.0180197], [122917000.0, 0.00192114], [122916000.0, 0.00013017], [122908000.0, 0.00122025], [122907000.0, 0.00178996], [122900000.0, 0.12320545], [122894000.0, 0.00232645]], "asks": [[122923000.0, 0.29136933], [122957000.0, 0.20927268], [122958000.0, 0.01219929], [122980000.0, 0.00652584], [122981000.0, 0.00243877], [122983000.0, 0.00026719], [122989000.0, 0.00040701], [122990000.0, 0.93964166], [122996000.0, 0.00906], [122999000.0, 0.04780003]]},
{"timestamp": 1743933617104, "bids": [[122921000.0, 0.00972916], [122920000.0, 0.0005618], [122919000.0, 0.00139581], [122918000.0, 0.0180197], [122917000.0, 0.00192114], [122916000.0, 0.00013017], [122908000.0, 0.00122025], [122907000.0, 0.00178996], [122900000.0, 0.12320545], [122894000.0, 0.00232645]], "asks": [[122923000.0, 0.29136933], [122957000.0, 0.20927268], [122958000.0, 0.01219929], [122980000.0, 0.00652584], [122981000.0, 0.00243877], [122983000.0, 0.00026719], [122989000.0, 0.00040701], [122990000.0, 0.93964166], [122996000.0, 0.00906], [122999000.0, 0.04780003]]},
{"timestamp": 1743933617204, "bids": [[122921000.0, 0.00972916], [122920000.0, 0.0005618], [122919000.0, 0.00139581], [122918000.0, 0.0180197], [122917000.0, 0.00192114], [122916000.0, 0.00013017], [122908000.0, 0.00122025], [122907000.0, 0.00178996], [122900000.0, 0.12320545], [122894000.0, 0.00232645]], "asks": [[122923000.0, 0.29136933], [122957000.0, 0.20927268], [122958000.0, 0.01219929], [122980000.0, 0.00652584], [122981000.0, 0.00243877], [122983000.0, 0.00026719], [122989000.0, 0.00040701], [122990000.0, 0.93964166], [122996000.0, 0.00906], [122999000.0, 0.04780003]]},
{"timestamp": 1743933617304, "bids": [[122921000.0, 0.00972916], [122920000.0, 0.0005618], [122919000.0, 0.00139581], [122918000.0, 0.0180197], [122917000.0, 0.00192114], [122916000.0, 0.00013017], [122908000.0, 0.00122025], [122907000.0, 0.00178996], [122900000.0, 0.12320545], [122894000.0, 0.00232645]], "asks": [[122923000.0, 0.29136933], [122957000.0, 0.20927268], [122958000.0, 0.01219929], [122980000.0, 0.00652584], [122981000.0, 0.00243877], [122983000.0, 0.00026719], [122989000.0, 0.00040701], [122990000.0, 0.93964166], [122996000.0, 0.00906], [122999000.0, 0.04780003]]},
{"timestamp": 1743933617404, "bids": [[122921000.0, 0.00972916], [122920000.0, 0.0005618], [122919000.0, 0.00139581], [122918000.0, 0.0180197], [122917000.0, 0.00192114], [122916000.0, 0.00013017], [122908000.0, 0.00122025], [122907000.0, 0.00178996], [122900000.0, 0.12320545], [122894000.0, 0.00232645]], "asks": [[122923000.0, 0.29136933], [122957000.0, 0.20927268], [122958000.0, 0.01219929], [122980000.0, 0.00652584], [122981000.0, 0.00243877], [122983000.0, 0.00026719], [122989000.0, 0.00040701], [122990000.0, 0.93964166], [122996000.0, 0.00906], [122999000.0, 0.04780003]]},
{"timestamp": 1743933617504, "bids": [[122921000.0, 0.00972916], [122920000.0, 0.0005618], [122919000.0, 0.00139581], [122918000.0, 0.0180197], [122917000.0, 0.00192114], [122916000.0, 0.00013017], [122908000.0, 0.00122025], [122907000.0, 0.00178996], [122900000.0, 0.12320545], [122894000.0, 0.00232645]], "asks": [[122923000.0, 0.29136933], [122957000.0, 0.20927268], [122958000.0, 0.01219929], [122980000.0, 0.00652584], [122981000.0, 0.00243877], [122983000.0, 0.00026719], [122989000.0, 0.00040701], [122990000.0, 0.93964166], [122996000.0, 0.00906], [122999000.0, 0.04780003]]},
{"timestamp": 1743933617604, "bids": [[122921000.0, 0.00972916], [122920000.0, 0.0005618], [122919000.0, 0.00139581], [122918000.0, 0.0180197], [122917000.0, 0.00192114], [122916000.0, 0.00013017], [122908000.0, 0.00122025], [122907000.0, 0.00178996], [122900000.0, 0.12320545], [122894000.0, 0.00232645]], "asks": [[122923000.0, 0.29136933], [122957000.0, 0.20927268], [122958000.0, 0.01219929], [122980000.0, 0.00652584], [122981000.0, 0.00243877], [122983000.0, 0.00026719], [122989000.0, 0.00040701], [122990000.0, 0.93964166], [122996000.0, 0.00906], [122999000.0, 0.04780003]]},
{"timestamp": 1743933617704, "bids": [[122921000.0, 0.00972916], [122920000.0, 0.0005618], [122919000.0, 0.00139581], [122918000.0, 0.0180197], [122917000.0, 0.00192114], [122916000.0, 0.00013017], [122908000.0, 0.00122025], [122907000.0, 0.00178996], [122900000.0, 0.12320545], [122894000.0, 0.00232645]], "asks": [[122923000.0, 0.29136933], [122957000.0, 0.20927268], [122958000.0, 0.01219929], [122980000.0, 0.00652584], [122981000.0, 0.00243877], [122983000.0, 0.00026719], [122989000.0, 0.00040701], [122990000.0, 0.93964166], [122996000.0, 0.00906], [122999000.0, 0.04780003]]},
{"timestamp": 1743933617804, "bids": [[122921000.0, 0.00972916], [122920000.0, 0.0005618], [122919000.0, 0.00139581], [122918000.0, 0.0180197], [122917000.0, 0.00192114], [122916000.0, 0.00013017], [122908000.0, 0.00122025], [122907000.0, 0.00178996], [122900000.0, 0.12320545], [122894000.0, 0.00232645]], "asks": [[122923000.0, 0.29136933], [122957000.0, 0.20927268], [122958000.0, 0.01219929], [122980000.0, 0.00652584], [122981000.0, 0.00243877], [122983000.0, 0.00026719], [122989000.0, 0.00040701], [122990000.0, 0.93964166], [122996000.0, 0.00906], [122999000.0, 0.04780003]]},
{"timestamp": 1743933617904, "bids": [[122921000.0, 0.00972916], [122920000.0, 0.0005618], [122919000.0, 0.00139581], [122918000.0, 0.0180197], [122917000.0, 0.00192114], [122916000.0, 0.00013017], [122908000.0, 0.00122025], [122907000.0, 0.00178996], [122900000.0, 0.12320545], [122894000.0, 0.00232645]], "asks": [[122923000.0, 0.29136933], [122957000.0, 0.20927268], [122958000.0, 0.01219929], [122980000.0, 0.00652584], [122981000.0, 0.00243877], [122983000.0, 0.00026719], [122989000.0, 0.00040701], [122990000.0, 0.93964166], [122996000.0, 0.00906], [122999000.0, 0.04780003]]},
{"timestamp": 1743933618004, "bids": [[122921000.0, 0.00972916], [122920000.0, 0.0005618], [122919000.0, 0.00139581], [122918000.0, 0.0180197], [122917000.0, 0.00192114], [122916000.0, 0.00013017], [122908000.0, 0.00122025], [122907000.0, 0.00178996], [122900000.0, 0.12320545], [122894000.0, 0.00232645]], "asks": [[122923000.0, 0.29136933], [122957000.0, 0.20927268], [122958000.0, 0.01219929], [122980000.0, 0.00652584], [122981000.0, 0.00243877], [122983000.0, 0.00026719], [122989000.0, 0.00040701], [122990000.0, 0.93964166], [122996000.0, 0.00906], [122999000.0, 0.04780003]]},
{"timestamp": 1743933618104, "bids": [[122921000.0, 0.00972916], [122920000.0, 0.0005618], [122919000.0, 0.00139581], [122918000.0, 0.0180197], [122917000.0, 0.00192114], [122916000.0, 0.00013017], [122908000.0, 0.00122025], [122907000.0, 0.00178996], [122900000.0, 0.12320545], [122894000.0, 0.00232645]], "asks": [[122923000.0, 0.29136933], [122957000.0, 0.20927268], [122958000.0, 0.01219929], [122980000.0, 0.00652584], [122981000.0, 0.00243877], [122983000.0, 0.00026719], [122989000.0, 0.00040701], [122990000.0, 0.93964166], [122996000.0, 0.00906], [122999000.0, 0.04780003]]},
{"timestamp": 1743933618204, "bids": [[122921000.0, 0.00972916], [122920000.0, 0.0005618], [122919000.0, 0.00139581], [122918000.0, 0.0180197], [122917000.0, 0.00192114], [122916000.0, 0.00013017], [122908000.0, 0.00122025], [122907000.0, 0.00178996], [122900000.0, 0.12320545], [122894000.0, 0.00232645]], "asks": [[122923000.0, 0.29136933], [122957000.0, 0.20927268], [122958000.0, 0.01219929], [122980000.0, 0.00652584], [122981000.0, 0.00243877], [122983000.0, 0.00026719], [122989000.0, 0.00040701], [122990000.0, 0.93964166], [122996000.0, 0.00906], [122999000.0, 0.04780003]]},
{"timestamp": 1743933618304, "bids": [[122921000.0, 0.00972916], [122920000.0, 0.0005618], [122919000.0, 0.00139581], [122918000.0, 0.0180197], [122917000.0, 0.00192114], [122916000.0, 0.00013017], [122908000.0, 0.00122025], [122907000.0, 0.00178996], [122900000.0, 0.12320545], [122894000.0, 0.00232645]], "asks": [[122923000.0, 0.29136933], [122957000.0, 0.20927268], [122958000.0, 0.01219929], [122980000.0, 0.00652584], [122981000.0, 0.00243877], [122983000.0, 0.00026719], [122989000.0, 0.00040701], [122990000.0, 0.93964166], [122996000.0, 0.00906], [122999000.0, 0.04780003]]},
{"timestamp": 1743933618404, "bids": [[122921000.0, 0.00972916], [122920000.0, 0.0005618], [122919000.0, 0.00139581], [122918000.0, 0.0180197], [122917000.0, 0.00192114], [122916000.0, 0.00013017], [122908000.0, 0.00122025], [122907000.0, 0.00178996], [122900000.0, 0.12320545], [122894000.0, 0.00232645]], "asks": [[122923000.0, 0.29136933], [122957000.0, 0.20927268], [122958000.0, 0.01219929], [122980000.0, 0.00652584], [122981000.0, 0.00243877], [122983000.0, 0.00026719], [122989000.0, 0.00040701], [122990000.0, 0.93964166], [122996000.0, 0.00906], [122999000.0, 0.04780003]]},
{"timestamp": 1743933618504, "bids": [[122921000.0, 0.00972916], [122920000.0, 0.0005618], [122919000.0, 0.00139581], [122918000.0, 0.0180197], [122917000.0, 0.00192114], [122916000.0, 0.00013017], [122908000.0, 0.00122025], [122907000.0, 0.00178996], [122900000.0, 0.12320545], [122894000.0, 0.00232645]], "asks": [[122923000.0, 0.29136933], [122957000.0, 0.20927268], [122958000.0, 0.01219929], [122980000.0, 0.00652584], [122981000.0, 0.00243877], [122983000.0, 0.00026719], [122989000.0, 0.00040701], [122990000.0, 0.93964166], [122996000.0, 0.00906], [122999000.0, 0.04780003]]},
{"timestamp": 1743933618604, "bids": [[122921000.0, 0.00972916], [122920000.0, 0.0005618], [122919000.0, 0.00139581], [122918000.0, 0.0180197], [122917000.0, 0.00192114], [122916000.0, 0.00013017], [122908000.0, 0.00122025], [122907000.0, 0.00178996], [122900000.0, 0.12320545], [122894000.0, 0.00232645]], "asks": [[122923000.0, 0.29136933], [122957000.0, 0.20927268], [122958000.0, 0.01219929], [122980000.0, 0.00652584], [122981000.0, 0.00243877], [122983000.0, 0.00026719], [122989000.0, 0.00040701], [122990000.0, 0.93964166], [122996000.0, 0.00906], [122999000.0, 0.04780003]]},
{"timestamp": 1743933618704, "bids": [[122921000.0, 0.00972916], [122920000.0, 0.0005618], [122919000.0, 0.00139581], [122918000.0, 0.0180197], [122917000.0, 0.00192114], [122916000.0, 0.00013017], [122908000.0, 0.00122025], [122907000.0, 0.00178996], [122900000.0, 0.12320545], [122894000.0, 0.00232645]], "asks": [[122923000.0, 0.29136933], [122957000.0, 0.20927268], [122958000.0, 0.01219929], [122980000.0, 0.00652584], [122981000.0, 0.00243877], [122983000.0, 0.00026719], [122989000.0, 0.00040701], [122990000.0, 0.93964166], [122996000.0, 0.00906], [122999000.0, 0.04780003]]},
{"timestamp": 1743933618804, "bids": [[122921000.0, 0.00972916], [122920000.0, 0.0005618], [122919000.0, 0.00139581], [122918000.0, 0.0180197], [122917000.0, 0.00192114], [122916000.0, 0.00013017], [122908000.0, 0.00122025], [122907000.0, 0.00178996], [122900000.0, 0.12320545], [122894000.0, 0.00232645]], "asks": [[122923000.0, 0.29080037], [122957000.0, 0.20927268], [122958000.0, 0.01219929], [122980000.0, 0.00652584], [122981000.0, 0.00243877], [122983000.0, 0.00026719], [122989000.0, 0.00040701], [122990000.0, 0.93964166], [122996000.0, 0.00906], [122999000.0, 0.04780003]]},
{"timestamp": 1743933618904, "bids": [[122921000.0, 0.00972916], [122920000.0, 0.0005618], [122919000.0, 0.00139581], [122918000.0, 0.0180197], [122917000.0, 0.00192114], [122916000.0, 0.00013017], [122908000.0, 0.00122025], [122907000.0, 0.00178996], [122900000.0, 0.12320545], [122894000.0, 0.00232645]], "asks": [[122923000.0, 0.29080037], [122957000.0, 0.20927268], [122958000.0, 0.01219929], [122980000.0, 0.00652584], [122981000.0, 0.00243877], [122983000.0, 0.00026719], [122989000.0, 0.00040701], [122990000.0, 0.93964166], [122996000.0, 0.00906], [122999000.0, 0.04780003]]},
{"timestamp": 1743933619004, "bids": [[122921000.0, 0.00972916], [122920000.0, 0.0005618], [122919000.0, 0.00139581], [122918000.0, 0.0180197], [122917000.0, 0.00192114], [122916000.0, 0.00013017], [122908000.0, 0.00122025], [122907000.0, 0.00178996], [122900000.0, 0.12320545], [122894000.0, 0.00232645]], "asks": [[122923000.0, 0.29080037], [122957000.0, 0.20927268], [122958000.0, 0.01219929], [122980000.0, 0.00652584], [122981000.0, 0.00243877], [122983000.0, 0.00026719], [122989000.0, 0.00040701], [122990000.0, 0.93964166], [122996000.0, 0.00906], [122999000.0, 0.04780003]]},
{"timestamp": 1743933619104, "bids": [[122921000.0, 0.00972916], [122920000.0, 0.0005618], [122919000.0, 0.00139581], [122918000.0, 0.0180197], [122917000.0, 0.00192114], [122916000.0, 0.00013017], [122908000.0, 0.00122025], [122907000.0, 0.00178996], [122900000.0, 0.12320545], [122894000.0, 0.00232645]], "asks": [[122923000.0, 0.29080037], [122957000.0, 0.20927268], [122958000.0, 0.01219929], [122980000.0, 0.00652584], [122981000.0, 0.00243877], [122983000.0, 0.00026719], [122989000.0, 0.00040701], [122990000.0, 0.93964166], [122996000.0, 0.00906], [122999000.0, 0.04780003]]},
{"timestamp": 1743933619204, "bids": [[122921000.0, 0.00972916], [122920000.0, 0.0005618], [122919000.0, 0.00139581], [122918000.0, 0.0180197], [122917000.0, 0.00192114], [122916000.0, 0.00013017], [122908000.0, 0.00122025], [122907000.0, 0.00178996], [122900000.0, 0.12320545], [122894000.0, 0.00232645]], "asks": [[122923000.0, 0.29080037], [122957000.0, 0.20927268], [122958000.0, 0.01219929], [122980000.0, 0.00652584], [122981000.0, 0.00243877], [122983000.0, 0.00026719], [122989000.0, 0.00040701], [122990000.0, 0.93964166], [122996000.0, 0.00906], [122999000.0, 0.04780003]]},
{"timestamp": 1743933619304, "bids": [[122921000.0, 0.00972916], [122920000.0, 0.0005618], [122919000.0, 0.00139581], [122918000.0, 0.0180197], [122917000.0, 0.00192114], [122916000.0, 0.00013017], [122908000.0, 0.00122025], [122907000.0, 0.00178996], [122900000.0, 0.12320545], [122894000.0, 0.00232645]], "asks": [[122923000.0, 0.29080037], [122957000.0, 0.20927268], [122958000.0, 0.01219929], [122980000.0, 0.00652584], [122981000.0, 0.00243877], [122983000.0, 0.00026719], [122989000.0, 0.00040701], [122990000.0, 0.93964166], [122996000.0, 0.00906], [122999000.0, 0.04780003]]},
{"timestamp": 1743933619404, "bids": [[122921000.0, 0.00972916], [122920000.0, 0.0005618], [122919000.0, 0.00139581], [122918000.0, 0.0180197], [122917000.0, 0.00192114], [122916000.0, 0.00013017], [122908000.0, 0.00122025], [122907000.0, 0.00178996], [122900000.0, 0.12320545], [122894000.0, 0.00232645]], "asks": [[122923000.0, 0.29080037], [122957000.0, 0.20927268], [122958000.0, 0.01219929], [122980000.0, 0.00652584], [122981000.0, 0.00243877], [122983000.0, 0.00026719], [122989000.0, 0.00040701], [122990000.0, 0.93964166], [122996000.0, 0.00906], [122999000.0, 0.04780003]]},
{"timestamp": 1743933619504, "bids": [[122921000.0, 0.00972916], [122920000.0, 0.0005618], [122919000.0, 0.00139581], [122918000.0, 0.0180197], [122917000.0, 0.00192114], [122916000.0, 0.00013017], [122908000.0, 0.00122025], [122907000.0, 0.00178996], [122900000.0, 0.12320545], [122894000.0, 0.00232645]], "asks": [[122923000.0, 0.29080037], [122957000.0, 0.20927268], [122958000.0, 0.01219929], [122980000.0, 0.00652584], [122981000.0, 0.00243877], [122983000.0, 0.00026719], [122989000.0, 0.00040701], [122990000.0, 0.93964166], [122996000.0, 0.00906], [122999000.0, 0.04780003]]},
{"timestamp": 1743933619604, "bids": [[122921000.0, 0.00972916], [122920000.0, 0.0005618], [122919000.0, 0.00139581], [122918000.0, 0.0180197], [122917000.0, 0.00192114], [122916000.0, 0.00013017], [122908000.0, 0.00122025], [122907000.0, 0.00178996], [122900000.0, 0.12320545], [122894000.0, 0.00232645]], "asks": [[122923000.0, 0.29080037], [122957000.0, 0.20927268], [122958000.0, 0.01219929], [122980000.0, 0.00652584], [122981000.0, 0.00243877], [122983000.0, 0.00026719], [122989000.0, 0.00040701], [122990000.0, 0.93964166], [122996000.0, 0.00906], [122999000.0, 0.04780003]]},
{"timestamp": 1743933619704, "bids": [[122921000.0, 0.01786433], [122920000.0, 0.0005618], [122919000.0, 0.00139581], [122918000.0, 0.0180197], [122917000.0, 0.00192114], [122916000.0, 0.00013017], [122908000.0, 0.00122025], [122907000.0, 0.00178996], [122900000.0, 0.12320545], [122894000.0, 0.00232645]], "asks": [[122923000.0, 0.29080037], [122957000.0, 0.20927268], [122958000.0, 0.01219929], [122980000.0, 0.00652584], [122981000.0, 0.00243877], [122983000.0, 0.00026719], [122985000.0, 0.00073311], [122989000.0, 0.00040701], [122990000.0, 0.93964166], [122996000.0, 0.00906]]},
{"timestamp": 1743933619804, "bids": [[122921000.0, 0.01786433], [122920000.0, 0.0005618], [122919000.0, 0.00139581], [122918000.0, 0.0180197], [122917000.0, 0.00192114], [122916000.0, 0.00013017], [122908000.0, 0.00122025], [122907000.0, 0.00178996], [122900000.0, 0.12320545], [122894000.0, 0.00232645]], "asks": [[122923000.0, 0.29080037], [122957000.0, 0.20927268], [122958000.0, 0.01219929], [122980000.0, 0.00652584], [122981000.0, 0.00243877], [122983000.0, 0.00026719], [122985000.0, 0.00073311], [122989000.0, 0.00040701], [122990000.0, 0.93964166], [122996000.0, 0.00906]]},
{"timestamp": 1743933619904, "bids": [[122921000.0, 0.01786433], [122920000.0, 0.0005618], [122919000.0, 0.00139581], [122918000.0, 0.0180197], [122917000.0, 0.00192114], [122916000.0, 0.00013017], [122908000.0, 0.00122025], [122907000.0, 0.00178996], [122900000.0, 0.12320545], [122894000.0, 0.00232645]], "asks": [[122923000.0, 0.29080037], [122957000.0, 0.20927268], [122958000.0, 0.01219929], [122980000.0, 0.00652584], [122981000.0, 0.00243877], [122983000.0, 0.00026719], [122985000.0, 0.00073311], [122989000.0, 0.00040701], [122990000.0, 0.93964166], [122996000.0, 0.00906]]},
{"timestamp": 1743933620004, "bids": [[122921000.0, 0.01786433], [122920000.0, 0.0005618], [122919000.0, 0.00139581], [122918000.0, 0.0180197], [122917000.0, 0.00192114], [122916000.0, 0.00013017], [122908000.0, 0.00122025], [122907000.0, 0.00178996], [122900000.0, 0.12320545], [122894000.0, 0.00232645]], "asks": [[122923000.0, 0.29080037], [122957000.0, 0.20927268], [122958000.0, 0.01219929], [122980000.0, 0.00652584], [122981000.0, 0.00243877], [122983000.0, 0.00026719], [122985000.0, 0.00073311], [122989000.0, 0.00040701], [122990000.0, 0.93964166], [122996000.0, 0.00906]]},
{"timestamp": 1743933620104, "bids": [[122921000.0, 0.01786433], [122920000.0, 0.0005618], [122919000.0, 0.00139581], [122918000.0, 0.0180197], [122917000.0, 0.00192114], [122916000.0, 0.00013017], [122908000.0, 0.00122025], [122907000.0, 0.00178996], [122900000.0, 0.12320545], [122894000.0, 0.00232645]], "asks": [[122923000.0, 0.29080037], [122957000.0, 0.20927268], [122958000.0, 0.01219929], [122980000.0, 0.00652584], [122981000.0, 0.00243877], [122983000.0, 0.00026719], [122985000.0, 0.00073311], [122989000.0, 0.00040701], [122990000.0, 0.93964166], [122996000.0, 0.00906]]},
{"timestamp": 1743933620204, "bids": [[122921000.0, 0.01786433], [122920000.0, 0.0005618], [122919000.0, 0.00139581], [122918000.0, 0.0180197], [122917000.0, 0.00192114], [122916000.0, 0.00013017], [122908000.0, 0.00122025], [122907000.0, 0.00178996], [122900000.0, 0.12320545], [122894000.0, 0.00232645]], "asks": [[122923000.0, 0.29080037], [122957000.0, 0.20927268], [122958000.0, 0.01219929], [122980000.0, 0.00652584], [122981000.0, 0.00243877], [122983000.0, 0.00026719], [122985000.0, 0.00073311], [122989000.0, 0.00040701], [122990000.0, 0.93964166], [122996000.0, 0.00906]]},
{"timestamp": 1743933620304, "bids": [[122921000.0, 0.01786433], [122920000.0, 0.0005618], [122919000.0, 0.00139581], [122918000.0, 0.0180197], [122917000.0, 0.00192114], [122916000.0, 0.00013017], [122908000.0, 0.00122025], [122907000.0, 0.00178996], [122900000.0, 0.12320545], [122894000.0, 0.00232645]], "asks": [[122923000.0, 0.29080037], [122957000.0, 0.20927268], [122958000.0, 0.01219929], [122980000.0, 0.00652584], [122981000.0, 0.00243877], [122983000.0, 0.00026719], [122985000.0, 0.00073311], [122989000.0, 0.00040701], [122990000.0, 0.93964166], [122996000.0, 0.00906]]},
{"timestamp": 1743933620404, "bids": [[122921000.0, 0.01786433], [122920000.0, 0.0005618], [122919000.0, 0.00139581], [122918000.0, 0.0180197], [122917000.0, 0.00192114], [122916000.0, 0.00013017], [122908000.0, 0.00122025], [122907000.0, 0.00178996], [122900000.0, 0.12320545], [122894000.0, 0.00232645]], "asks": [[122923000.0, 0.29080037], [122957000.0, 0.20927268], [122958000.0, 0.01219929], [122980000.0, 0.00652584], [122981000.0, 0.00243877], [122983000.0, 0.00026719], [122985000.0, 0.00073311], [122989000.0, 0.00040701], [122990000.0, 0.93964166], [122996000.0, 0.00906]]},
{"timestamp": 1743933620504, "bids": [[122921000.0, 0.01786433], [122920000.0, 0.0005618], [122919000.0, 0.00139581], [122918000.0, 0.0180197], [122917000.0, 0.00192114], [122916000.0, 0.00013017], [122908000.0, 0.00122025], [122907000.0, 0.00178996], [122900000.0, 0.12320545], [122894000.0, 0.00232645]], "asks": [[122923000.0, 0.29080037], [122957000.0, 0.20927268], [122958000.0, 0.01219929], [122980000.0, 0.00652584], [122981000.0, 0.00243877], [122983000.0, 0.00026719], [122985000.0, 0.00073311], [122989000.0, 0.00040701], [122990000.0, 0.93964166], [122996000.0, 0.00906]]},
{"timestamp": 1743933620604, "bids": [[122921000.0, 0.01786433], [122920000.0, 0.0005618], [122919000.0, 0.00139581], [122918000.0, 0.0180197], [122917000.0, 0.00192114], [122916000.0, 0.00013017], [122908000.0, 0.00122025], [122907000.0, 0.00178996], [122900000.0, 0.12320545], [122894000.0, 0.00232645]], "asks": [[122923000.0, 0.29080037], [122957000.0, 0.20927268], [122958000.0, 0.01219929], [122980000.0, 0.00652584], [122981000.0, 0.00243877], [122983000.0, 0.00026719], [122985000.0, 0.00073311], [122989000.0, 0.00040701], [122990000.0, 0.93964166], [122996000.0, 0.00906]]},
{"timestamp": 1743933620704, "bids": [[122921000.0, 0.01786433], [122920000.0, 0.0005618], [122919000.0, 0.00139581], [122918000.0, 0.0180197], [122917000.0, 0.00192114], [122916000.0, 0.00013017], [122908000.0, 0.00122025], [122907000.0, 0.00178996], [122900000.0, 0.12320545], [122894000.0, 0.00232645]], "asks": [[122923000.0, 0.29080037], [122957000.0, 0.20927268], [122958000.0, 0.01219929], [122980000.0, 0.00652584], [122981000.0, 0.00243877], [122983000.0, 0.00026719], [122985000.0, 0.00073311], [122989000.0, 0.00040701], [122990000.0, 0.93964166], [122996000.0, 0.00906]]},
{"timestamp": 1743933620804, "bids": [[122921000.0, 0.01786433], [122920000.0, 0.0005618], [122919000.0, 0.00139581], [122918000.0, 0.0180197], [122917000.0, 0.00192114], [122916000.0, 0.00013017], [122908000.0, 0.00122025], [122907000.0, 0.00178996], [122900000.0, 0.12320545], [122894000.0, 0.00232645]], "asks": [[122923000.0, 0.29080037], [122957000.0, 0.20927268], [122958000.0, 0.01219929], [122980000.0, 0.00652584], [122981000.0, 0.00243877], [122983000.0, 0.00026719], [122985000.0, 0.00073311], [122989000.0, 0.00040701], [122990000.0, 0.93964166], [122996000.0, 0.00906]]},
{"timestamp": 1743933620904, "bids": [[122921000.0, 0.01786433], [122920000.0, 0.0005618], [122919000.0, 0.00139581], [122918000.0, 0.0180197], [122917000.0, 0.00192114], [122916000.0, 0.00013017], [122908000.0, 0.00122025], [122907000.0, 0.00178996], [122900000.0, 0.12320545], [122894000.0, 0.00232645]], "asks": [[122923000.0, 0.29080037], [122957000.0, 0.20927268], [122958000.0, 0.01219929], [122980000.0, 0.00652584], [122981000.0, 0.00243877], [122983000.0, 0.00026719], [122985000.0, 0.00073311], [122989000.0, 0.00040701], [122990000.0, 0.93964166], [122996000.0, 0.00906]]},
{"timestamp": 1743933621004, "bids": [[122921000.0, 0.01786433], [122920000.0, 0.0005618], [122919000.0, 0.00139581], [122918000.0, 0.0180197], [122917000.0, 0.00192114], [122916000.0, 0.00013017], [122908000.0, 0.00122025], [122907000.0, 0.00178996], [122900000.0, 0.12320545], [122894000.0, 0.00232645]], "asks": [[122923000.0, 0.29080037], [122957000.0, 0.20927268], [122958000.0, 0.01219929], [122980000.0, 0.00652584], [122981000.0, 0.00243877], [122983000.0, 0.00026719], [122985000.0, 0.00073311], [122989000.0, 0.00040701], [122990000.0, 0.93964166], [122996000.0, 0.00906]]},
{"timestamp": 1743933621104, "bids": [[122921000.0, 0.01786433], [122920000.0, 0.0005618], [122919000.0, 0.00139581], [122918000.0, 0.0180197], [122917000.0, 0.00192114], [122916000.0, 0.00013017], [122908000.0, 0.00122025], [122907000.0, 0.00178996], [122900000.0, 0.12320545], [122894000.0, 0.00232645]], "asks": [[122923000.0, 0.29080037], [122957000.0, 0.20927268], [122958000.0, 0.01219929], [122980000.0, 0.00652584], [122981000.0, 0.00243877], [122983000.0, 0.00026719], [122985000.0, 0.00073311], [122989000.0, 0.00040701], [122990000.0, 0.93964166], [122996000.0, 0.00906]]},
{"timestamp": 1743933621204, "bids": [[122921000.0, 0.01786433], [122920000.0, 0.0005618], [122919000.0, 0.00139581], [122918000.0, 0.0180197], [122917000.0, 0.00192114], [122916000.0, 0.00013017], [122908000.0, 0.00122025], [122907000.0, 0.00178996], [122900000.0, 0.12320545], [122894000.0, 0.00232645]], "asks": [[122923000.0, 0.29080037], [122957000.0, 0.20927268], [122958000.0, 0.01219929], [122980000.0, 0.00652584], [122981000.0, 0.00243877], [122983000.0, 0.00026719], [122985000.0, 0.00073311], [122989000.0, 0.00040701], [122990000.0, 0.93964166], [122996000.0, 0.00906]]},
{"timestamp": 1743933621304, "bids": [[122921000.0, 0.01786433], [122920000.0, 0.0005618], [122919000.0, 0.00139581], [122918000.0, 0.0180197], [122917000.0, 0.00192114], [122916000.0, 0.00013017], [122908000.0, 0.00122025], [122907000.0, 0.00178996], [122900000.0, 0.12320545], [122894000.0, 0.00232645]], "asks": [[122923000.0, 0.29080037], [122957000.0, 0.20927268], [122958000.0, 0.01219929], [122980000.0, 0.00652584], [122981000.0, 0.00243877], [122983000.0, 0.00026719], [122985000.0, 0.00073311], [122989000.0, 0.00040701], [122990000.0, 0.93964166], [122996000.0, 0.00906]]},
{"timestamp": 1743933621404, "bids": [[122921000.0, 0.01786433], [122920000.0, 0.0005618], [122919000.0, 0.00139581], [122918000.0, 0.0180197], [122917000.0, 0.00192114], [122916000.0, 0.00013017], [122908000.0, 0.00122025], [122907000.0, 0.00178996], [122900000.0, 0.12320545], [122894000.0, 0.00232645]], "asks": [[122923000.0, 0.29080037], [122957000.0, 0.20927268], [122958000.0, 0.01219929], [122980000.0, 0.00652584], [122981000.0, 0.00243877], [122983000.0, 0.00026719], [122985000.0, 0.00073311], [122989000.0, 0.00040701], [122990000.0, 0.93964166], [122996000.0, 0.00906]]},
{"timestamp": 1743933621504, "bids": [[122921000.0, 0.01786433], [122920000.0, 0.0005618], [122919000.0, 0.00139581], [122918000.0, 0.0180197], [122917000.0, 0.00192114], [122916000.0, 0.00013017], [122908000.0, 0.00122025], [122907000.0, 0.00178996], [122900000.0, 0.12320545], [122894000.0, 0.00232645]], "asks": [[122923000.0, 0.29080037], [122957000.0, 0.20927268], [122958000.0, 0.01219929], [122980000.0, 0.00652584], [122981000.0, 0.00243877], [122983000.0, 0.00026719], [122985000.0, 0.00073311], [122989000.0, 0.00040701], [122990000.0, 0.93964166], [122996000.0, 0.00906]]},
{"timestamp": 1743933621604, "bids": [[122921000.0, 0.01786433], [122920000.0, 0.0005618], [122919000.0, 0.00139581], [122918000.0, 0.0180197], [122917000.0, 0.00192114], [122916000.0, 0.00013017], [122908000.0, 0.00122025], [122907000.0, 0.00178996], [122900000.0, 0.12320545], [122894000.0, 0.00232645]], "asks": [[122923000.0, 0.29080037], [122957000.0, 0.20927268], [122958000.0, 0.01219929], [122980000.0, 0.00652584], [122981000.0, 0.00243877], [122983000.0, 0.00026719], [122985000.0, 0.00073311], [122989000.0, 0.00040701], [122990000.0, 0.93964166], [122996000.0, 0.00906]]},
{"timestamp": 1743933621704, "bids": [[122921000.0, 0.01786433], [122920000.0, 0.0005618], [122919000.0, 0.00139581], [122918000.0, 0.0180197], [122917000.0, 0.00192114], [122916000.0, 0.00013017], [122908000.0, 0.00122025], [122907000.0, 0.00178996], [122900000.0, 0.12320545], [122894000.0, 0.00232645]], "asks": [[122923000.0, 0.29080037], [122957000.0, 0.20927268], [122958000.0, 0.01219929], [122980000.0, 0.00652584], [122981000.0, 0.00243877], [122983000.0, 0.00026719], [122985000.0, 0.00073311], [122989000.0, 0.00040701], [122990000.0, 0.93964166], [122996000.0, 0.00906]]},
{"timestamp": 1743933621804, "bids": [[122921000.0, 0.01786433], [122920000.0, 0.0005618], [122919000.0, 0.00139581], [122918000.0, 0.0180197], [122917000.0, 0.00192114], [122916000.0, 0.00013017], [122908000.0, 0.00122025], [122907000.0, 0.00178996], [122900000.0, 0.12320545], [122894000.0, 0.00232645]], "asks": [[122923000.0, 0.29080037], [122957000.0, 0.20927268], [122958000.0, 0.01219929], [122980000.0, 0.00652584], [122981000.0, 0.00243877], [122983000.0, 0.00026719], [122985000.0, 0.00073311], [122989000.0, 0.00040701], [122990000.0, 0.93964166], [122996000.0, 0.00906]]},
{"timestamp": 1743933621904, "bids": [[122921000.0, 0.01786433], [122920000.0, 0.0005618], [122919000.0, 0.00139581], [122918000.0, 0.0180197], [122917000.0, 0.00192114], [122916000.0, 0.00013017], [122908000.0, 0.00122025], [122907000.0, 0.00178996], [122900000.0, 0.12320545], [122894000.0, 0.00232645]], "asks": [[122923000.0, 0.29080037], [122957000.0, 0.20927268], [122958000.0, 0.01219929], [122980000.0, 0.00652584], [122981000.0, 0.00243877], [122983000.0, 0.00026719], [122985000.0, 0.00073311], [122989000.0, 0.00040701], [122990000.0, 0.93964166], [122996000.0, 0.00906]]},
{"timestamp": 1743933622004, "bids": [[122921000.0, 0.01786433], [122920000.0, 0.0005618], [122919000.0, 0.00139581], [122918000.0, 0.0180197], [122917000.0, 0.00192114], [122916000.0, 0.00013017], [122908000.0, 0.00122025], [122907000.0, 0.00178996], [122900000.0, 0.12320545], [122894000.0, 0.00232645]], "asks": [[122923000.0, 0.29080037], [122957000.0, 0.20927268], [122958000.0, 0.01219929], [122980000.0, 0.00652584], [122981000.0, 0.00243877], [122983000.0, 0.00026719], [122985000.0, 0.00073311], [122989000.0, 0.00040701], [122990000.0, 0.93964166], [122996000.0, 0.00906]]},
{"timestamp": 1743933622104, "bids": [[122921000.0, 0.01786433], [122920000.0, 0.0005618], [122919000.0, 0.00139581], [122918000.0, 0.0180197], [122917000.0, 0.00192114], [122916000.0, 0.00013017], [122908000.0, 0.00122025], [122907000.0, 0.00178996], [122900000.0, 0.12320545], [122894000.0, 0.00232645]], "asks": [[122923000.0, 0.29080037], [122957000.0, 0.20927268], [122958000.0, 0.01219929], [122980000.0, 0.00652584], [122981000.0, 0.00243877], [122983000.0, 0.00026719], [122985000.0, 0.00073311], [122989000.0, 0.00040701], [122990000.0, 0.93964166], [122996000.0, 0.00906]]},
{"timestamp": 1743933622204, "bids": [[122921000.0, 0.01786433], [122920000.0, 0.0005618], [122919000.0, 0.00139581], [122918000.0, 0.0180197], [122917000.0, 0.00192114], [122916000.0, 0.00013017], [122908000.0, 0.00122025], [122907000.0, 0.00178996], [122900000.0, 0.12320545], [122894000.0, 0.00232645]], "asks": [[122923000.0, 0.29080037], [122957000.0, 0.20927268], [122958000.0, 0.01219929], [122980000.0, 0.00652584], [122981000.0, 0.00243877], [122983000.0, 0.00026719], [122985000.0, 0.00073311], [122989000.0, 0.00040701], [122990000.0, 0.93964166], [122996000.0, 0.00906]]},
{"timestamp": 1743933622304, "bids": [[122921000.0, 0.01786433], [122920000.0, 0.0005618], [122919000.0, 0.00139581], [122918000.0, 0.0180197], [122917000.0, 0.00192114], [122916000.0, 0.00013017], [122908000.0, 0.00122025], [122907000.0, 0.00178996], [122900000.0, 0.12320545], [122894000.0, 0.00232645]], "asks": [[122923000.0, 0.29080037], [122957000.0, 0.20927268], [122958000.0, 0.01219929], [122980000.0, 0.00652584], [122981000.0, 0.00243877], [122983000.0, 0.00026719], [122985000.0, 0.00073311], [122989000.0, 0.00040701], [122990000.0, 0.93964166], [122996000.0, 0.00906]]},
{"timestamp": 1743933622404, "bids": [[122921000.0, 0.01786433], [122920000.0, 0.0005618], [122919000.0, 0.00139581], [122918000.0, 0.0180197], [122917000.0, 0.00192114], [122916000.0, 0.00013017], [122908000.0, 0.00122025], [122907000.0, 0.00178996], [122900000.0, 0.12320545], [122894000.0, 0.00232645]], "asks": [[122923000.0, 0.29080037], [122957000.0, 0.20927268], [122958000.0, 0.01219929], [122980000.0, 0.00652584], [122981000.0, 0.00243877], [122983000.0, 0.00026719], [122985000.0, 0.00073311], [122989000.0, 0.00040701], [122990000.0, 0.93964166], [122996000.0, 0.00906]]},
{"timestamp": 1743933622504, "bids": [[122921000.0, 0.01786433], [122920000.0, 0.0005618], [122919000.0, 0.00139581], [122918000.0, 0.0180197], [122917000.0, 0.00192114], [122916000.0, 0.00013017], [122908000.0, 0.00122025], [122907000.0, 0.00178996], [122900000.0, 0.12320545], [122894000.0, 0.00232645]], "asks": [[122923000.0, 0.29080037], [122957000.0, 0.20927268], [122958000.0, 0.01219929], [122980000.0, 0.00652584], [122981000.0, 0.00243877], [122983000.0, 0.00026719], [122985000.0, 0.00073311], [122989000.0, 0.00040701], [122990000.0, 0.93964166], [122996000.0, 0.00906]]},
{"timestamp": 1743933622604, "bids": [[122921000.0, 0.01786433], [122920000.0, 0.0005618], [122919000.0, 0.00139581], [122918000.0, 0.0180197], [122917000.0, 0.00192114], [122916000.0, 0.00013017], [122908000.0, 0.00122025], [122907000.0, 0.00178996], [122900000.0, 0.12320545], [122894000.0, 0.00232645]], "asks": [[122923000.0, 0.29080037], [122957000.0, 0.20927268], [122958000.0, 0.01219929], [122980000.0, 0.00652584], [122981000.0, 0.00243877], [122983000.0, 0.00026719], [122985000.0, 0.00073311], [122989000.0, 0.00040701], [122990000.0, 0.93964166], [122996000.0, 0.00906]]},
{"timestamp": 1743933622704, "bids": [[122921000.0, 0.01786433], [122920000.0, 0.0005618], [122919000.0, 0.00139581], [122918000.0, 0.0180197], [122917000.0, 0.00192114], [122916000.0, 0.00013017], [122908000.0, 0.00122025], [122907000.0, 0.00178996], [122900000.0, 0.12320545], [122894000.0, 0.00232645]], "asks": [[122923000.0, 0.29080037], [122957000.0, 0.20927268], [122958000.0, 0.01219929], [122980000.0, 0.00652584], [122981000.0, 0.00243877], [122983000.0, 0.00026719], [122985000.0, 0.00073311], [122989000.0, 0.00040701], [122990000.0, 0.93964166], [122996000.0, 0.00906]]},
{"timestamp": 1743933622804, "bids": [[122921000.0, 0.01786433], [122920000.0, 0.0005618], [122919000.0, 0.00139581], [122918000.0, 0.0180197], [122917000.0, 0.00192114], [122916000.0, 0.00013017], [122908000.0, 0.00122025], [122907000.0, 0.00178996], [122900000.0, 0.12320545], [122894000.0, 0.00232645]], "asks": [[122923000.0, 0.29080037], [122957000.0, 0.20927268], [122958000.0, 0.01219929], [122980000.0, 0.00652584], [122981000.0, 0.00243877], [122983000.0, 0.00026719], [122985000.0, 0.00073311], [122989000.0, 0.00040701], [122990000.0, 0.93964166], [122996000.0, 0.00906]]},
{"timestamp": 1743933622904, "bids": [[122921000.0, 0.01786433], [122920000.0, 0.0005618], [122919000.0, 0.00139581], [122918000.0, 0.0180197], [122917000.0, 0.00192114], [122916000.0, 0.00013017], [122908000.0, 0.00122025], [122907000.0, 0.00178996], [122900000.0, 0.12320545], [122894000.0, 0.00232645]], "asks": [[122923000.0, 0.29080037], [122957000.0, 0.20927268], [122958000.0, 0.01219929], [122980000.0, 0.00652584], [122981000.0, 0.00243877], [122983000.0, 0.00026719], [122985000.0, 0.00073311], [122989000.0, 0.00040701], [122990000.0, 0.93964166], [122996000.0, 0.00906]]},
{"timestamp": 1743933623004, "bids": [[122921000.0, 0.01786433], [122920000.0, 0.0005618], [122919000.0, 0.00139581], [122918000.0, 0.0180197], [122917000.0, 0.00192114], [122916000.0, 0.00013017], [122908000.0, 0.00122025], [122907000.0, 0.00178996], [122900000.0, 0.12320545], [122894000.0, 0.00232645]], "asks": [[122923000.0, 0.29080037], [122957000.0, 0.20927268], [122958000.0, 0.01219929], [122980000.0, 0.00652584], [122981000.0, 0.00243877], [122983000.0, 0.00026719], [122985000.0, 0.00073311], [122989000.0, 0.00040701], [122990000.0, 0.93964166], [122996000.0, 0.00906]]},
{"timestamp": 1743933623104, "bids": [[122921000.0, 0.01786433], [122920000.0, 0.0005618], [122919000.0, 0.00139581], [122918000.0, 0.0180197], [122917000.0, 0.00192114], [122916000.0, 0.00013017], [122908000.0, 0.00122025], [122907000.0, 0.00178996], [122900000.0, 0.12320545], [122894000.0, 0.00232645]], "asks": [[122923000.0, 0.29080037], [122957000.0, 0.20927268], [122958000.0, 0.01219929], [122980000.0, 0.00652584], [122981000.0, 0.00243877], [122983000.0, 0.00026719], [122985000.0, 0.00073311], [122989000.0, 0.00040701], [122990000.0, 0.93964166], [122996000.0, 0.00906]]},
{"timestamp": 1743933623204, "bids": [[122921000.0, 0.01786433], [122920000.0, 0.0005618], [122919000.0, 0.00139581], [122918000.0, 0.0180197], [122917000.0, 0.00192114], [122916000.0, 0.00013017], [122908000.0, 0.00122025], [122907000.0, 0.00178996], [122900000.0, 0.12320545], [122894000.0, 0.00232645]], "asks": [[122923000.0, 0.29080037], [122957000.0, 0.20927268], [122958000.0, 0.01219929], [122980000.0, 0.00652584], [122981000.0, 0.00243877], [122983000.0, 0.00026719], [122985000.0, 0.00073311], [122989000.0, 0.00040701], [122990000.0, 0.93964166], [122996000.0, 0.00906]]},
{"timestamp": 1743933623304, "bids": [[122921000.0, 0.01786433], [122920000.0, 0.0005618], [122919000.0, 0.00139581], [122918000.0, 0.0180197], [122917000.0, 0.00192114], [122916000.0, 0.00013017], [122908000.0, 0.00122025], [122907000.0, 0.00178996], [122900000.0, 0.12320545], [122894000.0, 0.00232645]], "asks": [[122923000.0, 0.29080037], [122957000.0, 0.20927268], [122958000.0, 0.01219929], [122980000.0, 0.00652584], [122981000.0, 0.00243877], [122983000.0, 0.00026719], [122985000.0, 0.00073311], [122989000.0, 0.00040701], [122990000.0, 0.93964166], [122996000.0, 0.00906]]},
{"timestamp": 1743933623404, "bids": [[122921000.0, 0.01786433], [122920000.0, 0.0005618], [122919000.0, 0.00139581], [122918000.0, 0.0180197], [122917000.0, 0.00192114], [122916000.0, 0.00013017], [122908000.0, 0.00122025], [122907000.0, 0.00178996], [122900000.0, 0.12320545], [122894000.0, 0.00232645]], "asks": [[122923000.0, 0.29080037], [122957000.0, 0.20927268], [122958000.0, 0.01219929], [122980000.0, 0.00652584], [122981000.0, 0.00243877], [122983000.0, 0.00026719], [122985000.0, 0.00073311], [122989000.0, 0.00040701], [122990000.0, 0.93964166], [122996000.0, 0.00906]]},
