[
,
{"timestamp": 1743938534604, "bids": [[122485000.0, 0.00016328], [122453000.0, 0.00081663], [122450000.0, 0.80919504], [122449000.0, 0.0174764], [122445000.0, 0.01621922], [122444000.0, 0.01814868], [122443000.0, 9.085e-05], [122442000.0, 0.02044718], [122440000.0, 0.02160718], [122439000.0, 8.167e-05]], "asks": [[122486000.0, 0.01222347], [122500000.0, 0.17794345], [122501000.0, 0.04825582], [122503000.0, 0.01], [122507000.0, 0.00370065], [122514000.0, 0.00018], [122527000.0, 0.04009024], [122553000.0, 0.03883742], [122554000.0, 0.03629524], [122564000.0, 2.2212238]]},
{"timestamp": 1743938535104, "bids": [[122485000.0, 0.00016328], [122453000.0, 0.00081663], [122450000.0, 0.80919504], [122449000.0, 0.0174764], [122445000.0, 0.01621922], [122444000.0, 0.01814868], [122443000.0, 9.085e-05], [122442000.0, 0.02044718], [122440000.0, 0.02160718], [122439000.0, 8.167e-05]], "asks": [[122486000.0, 0.01222347], [122500000.0, 0.17794345], [122501000.0, 0.04825582], [122503000.0, 0.01], [122507000.0, 0.00370065], [122514000.0, 0.00018], [122527000.0, 0.04009024], [122553000.0, 0.03883742], [122554000.0, 0.03629524], [122564000.0, 2.2212238]]},
{"timestamp": 1743938535204, "bids": [[122485000.0, 0.00016328], [122453000.0, 0.00081663], [122450000.0, 0.80919504], [122449000.0, 0.0174764], [122445000.0, 0.01621922], [122444000.0, 0.01814868], [122443000.0, 9.085e-05], [122442000.0, 0.02044718], [122440000.0, 0.02160718], [122439000.0, 8.167e-05]], "asks": [[122486000.0, 0.01222347], [122500000.0, 0.17794345], [122501000.0, 0.04825582], [122503000.0, 0.01], [122507000.0, 0.00370065], [122514000.0, 0.00018], [122527000.0, 0.04009024], [122553000.0, 0.03883742], [122564000.0, 2.2212238], [122569000.0, 0.15]]},
{"timestamp": 1743938535404, "bids": [[122485000.0, 0.00016328], [122453000.0, 0.00081663], [122450000.0, 0.80919504], [122449000.0, 0.0174764], [122445000.0, 0.01621922], [122444000.0, 0.01814868], [122443000.0, 9.085e-05], [122442000.0, 0.02044718], [122440000.0, 0.02160718], [122439000.0, 8.167e-05]], "asks": [[122486000.0, 0.01222347], [122500000.0, 0.17794345], [122501000.0, 0.04825582], [122503000.0, 0.01], [122507000.0, 0.00370065], [122514000.0, 0.00018], [122527000.0, 0.04009024], [122549000.0, 0.03629761], [122553000.0, 0.03883742], [122564000.0, 2.2212238]]},
{"timestamp": 1743938535704, "bids": [[122485000.0, 0.00016328], [122453000.0, 0.00081663], [122450000.0, 0.80919504], [122449000.0, 0.0174764], [122445000.0, 0.01621922], [122444000.0, 0.01814868], [122443000.0, 9.085e-05], [122442000.0, 0.02044718], [122440000.0, 0.02160718], [122439000.0, 8.167e-05]], "asks": [[122486000.0, 0.01222347], [122500000.0, 0.17794345], [122501000.0, 0.04825582], [122503000.0, 0.01], [122507000.0, 0.00370065], [122514000.0, 0.00018], [122527000.0, 0.04009024], [122549000.0, 0.03629761], [122553000.0, 0.03883742], [122564000.0, 2.2212238]]},
{"timestamp": 1743938536004, "bids": [[122485000.0, 0.00016328], [122453000.0, 0.00081663], [122450000.0, 0.80919504], [122449000.0, 0.0174764], [122445000.0, 0.01621922], [122444000.0, 0.01814868], [122443000.0, 9.085e-05], [122442000.0, 0.02044718], [122440000.0, 0.02160718], [122439000.0, 8.167e-05]], "asks": [[122486000.0, 0.01222347], [122500000.0, 0.17794345], [122501000.0, 0.04825582], [122503000.0, 0.01], [122507000.0, 0.00370065], [122514000.0, 0.00018], [122527000.0, 0.04009024], [122549000.0, 0.03629761], [122553000.0, 0.03883742], [122564000.0, 2.2212238]]},
{"timestamp": 1743938536104, "bids": [[122485000.0, 0.00016328], [122453000.0, 0.00081663], [122450000.0, 0.80919504], [122449000.0, 0.0174764], [122445000.0, 0.01621922], [122444000.0, 0.01814868], [122443000.0, 9.085e-05], [122442000.0, 0.02044718], [122440000.0, 0.02160718], [122439000.0, 8.167e-05]], "asks": [[122486000.0, 0.01181547], [122500000.0, 0.17794345], [122501000.0, 0.04825582], [122503000.0, 0.01], [122507000.0, 0.00370065], [122514000.0, 0.00018], [122527000.0, 0.04009024], [122549000.0, 0.03629761], [122553000.0, 0.03883742], [122564000.0, 2.2212238]]},
{"timestamp": 1743938536304, "bids": [[122485000.0, 0.00016328], [122453000.0, 0.00081663], [122450000.0, 0.80919504], [122449000.0, 0.0174764], [122445000.0, 0.01621922], [122444000.0, 0.01814868], [122443000.0, 9.085e-05], [122442000.0, 0.02044718], [122440000.0, 0.02160718], [122439000.0, 8.167e-05]], "asks": [[122486000.0, 0.00527029], [122500000.0, 0.17794345], [122501000.0, 0.04825582], [122503000.0, 0.01], [122507000.0, 0.00370065], [122514000.0, 0.00018], [122527000.0, 0.04009024], [122549000.0, 0.03629761], [122553000.0, 0.03883742], [122564000.0, 2.2212238]]},
{"timestamp": 1743938536604, "bids": [[122485000.0, 0.00016328], [122453000.0, 0.00081663], [122450000.0, 0.80919504], [122449000.0, 0.0174764], [122445000.0, 0.01621922], [122444000.0, 0.01814868], [122443000.0, 9.085e-05], [122442000.0, 0.02044718], [122440000.0, 0.02160718], [122439000.0, 8.167e-05]], "asks": [[122486000.0, 0.00527029], [122500000.0, 0.17794345], [122501000.0, 0.04825582], [122503000.0, 0.01], [122507000.0, 0.00370065], [122514000.0, 0.00018], [122527000.0, 0.04009024], [122549000.0, 0.03629761], [122553000.0, 0.03883742], [122564000.0, 2.2212238]]},
{"timestamp": 1743938537004, "bids": [[122485000.0, 0.00016328], [122453000.0, 0.00081663], [122450000.0, 0.80919504], [122449000.0, 0.0174764], [122445000.0, 0.01621922], [122444000.0, 0.01814868], [122443000.0, 9.085e-05], [122442000.0, 0.02044718], [122440000.0, 0.02160718], [122439000.0, 8.167e-05]], "asks": [[122486000.0, 0.00527029], [122500000.0, 0.17794345], [122501000.0, 0.04825582], [122503000.0, 0.01], [122507000.0, 0.00370065], [122514000.0, 0.00018], [122527000.0, 0.04009024], [122549000.0, 0.03629761], [122553000.0, 0.03883742], [122564000.0, 2.2212238]]},
{"timestamp": 1743938537404, "bids": [[122485000.0, 0.00016328], [122453000.0, 0.00081663], [122450000.0, 0.80919504], [122449000.0, 0.0174764], [122445000.0, 0.01621922], [122444000.0, 0.01814868], [122443000.0, 9.085e-05], [122442000.0, 0.02044718], [122440000.0, 0.02160718], [122439000.0, 8.167e-05]], "asks": [[122486000.0, 0.00527029], [122500000.0, 0.17794345], [122501000.0, 0.04825582], [122503000.0, 0.01], [122507000.0, 0.00370065], [122514000.0, 0.00018], [122527000.0, 0.04009024], [122553000.0, 0.03883742], [122564000.0, 2.2212238], [122569000.0, 0.23656]]},
{"timestamp": 1743938537504, "bids": [[122485000.0, 0.00016328], [122453000.0, 0.00081663], [122450000.0, 0.80919504], [122449000.0, 0.0174764], [122445000.0, 0.01621922], [122444000.0, 0.01814868], [122443000.0, 9.085e-05], [122442000.0, 0.02044718], [122440000.0, 0.02160718], [122439000.0, 8.167e-05]], "asks": [[122486000.0, 0.00527029], [122500000.0, 0.17794345], [122501000.0, 0.04825582], [122503000.0, 0.01], [122507000.0, 0.00370065], [122514000.0, 0.00018], [122527000.0, 0.04009024], [122542000.0, 0.03629761], [122553000.0, 0.03883742], [122564000.0, 2.2212238]]},
{"timestamp": 1743938538804, "bids": [[122485000.0, 0.00016328], [122453000.0, 0.00081663], [122450000.0, 0.80919504], [122449000.0, 0.0174764], [122445000.0, 0.01621922], [122444000.0, 0.01814868], [122443000.0, 9.085e-05], [122442000.0, 0.02044718], [122440000.0, 0.02160718], [122439000.0, 8.167e-05]], "asks": [[122486000.0, 0.00518865], [122500000.0, 0.17794345], [122501000.0, 0.04825582], [122503000.0, 0.01], [122507000.0, 0.00370065], [122514000.0, 0.00018], [122527000.0, 0.04009024], [122542000.0, 0.03629761], [122553000.0, 0.03883742], [122564000.0, 2.2212238]]},
{"timestamp": 1743938539104, "bids": [[122485000.0, 0.00016328], [122453000.0, 0.00081663], [122450000.0, 0.80919504], [122449000.0, 0.0174764], [122445000.0, 0.01621922], [122444000.0, 0.01814868], [122443000.0, 9.085e-05], [122442000.0, 0.02044718], [122440000.0, 0.02160718], [122439000.0, 8.167e-05]], "asks": [[122486000.0, 0.00518865], [122500000.0, 0.17794345], [122501000.0, 0.04825582], [122503000.0, 0.01], [122507000.0, 0.00370065], [122514000.0, 0.00018], [122527000.0, 0.04009024], [122553000.0, 0.03883742], [122564000.0, 2.2212238], [122569000.0, 0.23656]]},
{"timestamp": 1743938539304, "bids": [[122485000.0, 0.00016328], [122453000.0, 0.00081663], [122450000.0, 0.80919504], [122449000.0, 0.0174764], [122445000.0, 0.01621922], [122444000.0, 0.01814868], [122443000.0, 9.085e-05], [122442000.0, 0.02044718], [122440000.0, 0.02160718], [122439000.0, 8.167e-05]], "asks": [[122486000.0, 0.00518865], [122500000.0, 0.17794345], [122501000.0, 0.04825582], [122503000.0, 0.01], [122507000.0, 0.00370065], [122514000.0, 0.00018], [122527000.0, 0.07638785], [122553000.0, 0.03883742], [122564000.0, 2.2212238], [122569000.0, 0.23656]]},
{"timestamp": 1743938540004, "bids": [[122485000.0, 0.00016328], [122453000.0, 0.00081663], [122450000.0, 0.80919504], [122449000.0, 0.0174764], [122445000.0, 0.01621922], [122444000.0, 0.01814868], [122443000.0, 9.085e-05], [122442000.0, 0.02044718], [122440000.0, 0.02160718], [122439000.0, 8.167e-05]], "asks": [[122486000.0, 0.00518865], [122500000.0, 0.16317902], [122501000.0, 0.04825582], [122503000.0, 0.01], [122507000.0, 0.00370065], [122514000.0, 0.00018], [122527000.0, 0.07638785], [122553000.0, 0.03883742], [122564000.0, 2.2212238], [122569000.0, 0.23656]]},
{"timestamp": 1743938540304, "bids": [[122485000.0, 0.00016328], [122453000.0, 0.00081663], [122450000.0, 0.80919504], [122449000.0, 0.0174764], [122445000.0, 0.01621922], [122444000.0, 0.01814868], [122443000.0, 9.085e-05], [122442000.0, 0.02044718], [122440000.0, 0.02160718], [122439000.0, 8.167e-05]], "asks": [[122486000.0, 0.00518865], [122500000.0, 0.16317902], [122501000.0, 0.04825582], [122503000.0, 0.01], [122507000.0, 0.00370065], [122514000.0, 0.00018], [122527000.0, 0.04009024], [122553000.0, 0.03883742], [122564000.0, 2.2212238], [122569000.0, 0.23656]]},
{"timestamp": 1743938540404, "bids": [[122485000.0, 0.00016328], [122453000.0, 0.00081663], [122450000.0, 0.80919504], [122449000.0, 0.0174764], [122445000.0, 0.01621922], [122444000.0, 0.01814868], [122443000.0, 9.085e-05], [122442000.0, 0.02044718], [122440000.0, 0.02160718], [122439000.0, 8.167e-05]], "asks": [[122486000.0, 0.00518865], [122500000.0, 0.16317902], [122501000.0, 0.04825582], [122503000.0, 0.01], [122507000.0, 0.00370065], [122514000.0, 0.00018], [122524000.0, 0.03629761], [122527000.0, 0.04009024], [122553000.0, 0.03883742], [122564000.0, 2.2212238]]},
{"timestamp": 1743938541304, "bids": [[122486000.0, 0.23961602], [122485000.0, 0.00016328], [122453000.0, 0.00081663], [122450000.0, 0.80919504], [122449000.0, 0.0174764], [122445000.0, 0.01621922], [122444000.0, 0.01814868], [122443000.0, 9.085e-05], [122442000.0, 0.02044718], [122440000.0, 0.02160718]], "asks": [[122500000.0, 0.16317902], [122501000.0, 0.04825582], [122503000.0, 0.01], [122507000.0, 0.00370065], [122514000.0, 0.00018], [122524000.0, 0.03629761], [122527000.0, 0.04009024], [122553000.0, 0.03883742], [122564000.0, 2.2212238], [122569000.0, 0.23656]]},
{"timestamp": 1743938541904, "bids": [[122486000.0, 0.23961602], [122485000.0, 0.0144914], [122453000.0, 0.00081663], [122450000.0, 0.80919504], [122449000.0, 0.0174764], [122445000.0, 0.01621922], [122444000.0, 0.01814868], [122443000.0, 9.085e-05], [122442000.0, 0.02044718], [122440000.0, 0.02160718]], "asks": [[122500000.0, 0.16317902], [122501000.0, 0.04825582], [122503000.0, 0.01], [122507000.0, 0.00370065], [122514000.0, 0.00018], [122524000.0, 0.03629761], [122527000.0, 0.04009024], [122553000.0, 0.03883742], [122564000.0, 2.2212238], [122569000.0, 0.23656]]},
{"timestamp": 1743938542004, "bids": [[122486000.0, 0.23961602], [122485000.0, 0.0144914], [122453000.0, 0.00081663], [122450000.0, 0.77882808], [122449000.0, 0.0174764], [122445000.0, 0.01621922], [122444000.0, 0.01814868], [122443000.0, 9.085e-05], [122442000.0, 0.02044718], [122440000.0, 0.02160718]], "asks": [[122500000.0, 0.16317902], [122501000.0, 0.04825582], [122503000.0, 0.01], [122507000.0, 0.00370065], [122514000.0, 0.00018], [122524000.0, 0.03629761], [122527000.0, 0.04009024], [122553000.0, 0.03883742], [122564000.0, 2.2212238], [122569000.0, 0.23656]]},
{"timestamp": 1743938542304, "bids": [[122486000.0, 0.23965725], [122485000.0, 0.0144914], [122453000.0, 0.00081663], [122450000.0, 0.77882808], [122449000.0, 0.0174764], [122445000.0, 0.01621922], [122444000.0, 0.01814868], [122443000.0, 9.085e-05], [122442000.0, 0.02044718], [122440000.0, 0.02160718]], "asks": [[122500000.0, 0.16317902], [122501000.0, 0.04825582], [122503000.0, 0.01], [122507000.0, 0.00370065], [122514000.0, 0.00018], [122524000.0, 0.03629761], [122527000.0, 0.04009024], [122553000.0, 0.03883742], [122564000.0, 2.2212238], [122569000.0, 0.23656]]},
{"timestamp": 1743938542404, "bids": [[122486000.0, 0.23965725], [122485000.0, 0.0144914], [122453000.0, 0.00081663], [122450000.0, 0.77882808], [122449000.0, 0.0174764], [122445000.0, 0.01621922], [122444000.0, 0.01814868], [122443000.0, 9.085e-05], [122442000.0, 0.02044718], [122440000.0, 0.02160718]], "asks": [[122500000.0, 0.16317902], [122501000.0, 0.04825582], [122503000.0, 0.01], [122507000.0, 0.00370065], [122514000.0, 0.00018], [122524000.0, 0.03629761], [122527000.0, 0.04009024], [122553000.0, 0.03883742], [122564000.0, 2.2119838], [122569000.0, 0.23656]]},
{"timestamp": 1743938542904, "bids": [[122488000.0, 8.164e-05], [122486000.0, 0.23965725], [122485000.0, 0.0144914], [122453000.0, 0.00081663], [122450000.0, 0.77882808], [122449000.0, 0.0174764], [122445000.0, 0.01621922], [122444000.0, 0.01814868], [122443000.0, 9.085e-05], [122442000.0, 0.02044718]], "asks": [[122500000.0, 0.16317902], [122501000.0, 0.04825582], [122503000.0, 0.01], [122507000.0, 0.00370065], [122514000.0, 0.00018], [122524000.0, 0.03629761], [122527000.0, 0.04009024], [122553000.0, 0.03883742], [122564000.0, 2.2119838], [122569000.0, 0.23656]]},
{"timestamp": 1743938543304, "bids": [[122488000.0, 8.164e-05], [122486000.0, 0.23965725], [122485000.0, 0.0144914], [122453000.0, 0.00081663], [122450000.0, 0.77882808], [122449000.0, 0.0174764], [122445000.0, 0.01621922], [122444000.0, 0.01814868], [122443000.0, 9.085e-05], [122442000.0, 0.02044718]], "asks": [[122500000.0, 0.16317902], [122501000.0, 0.04825582], [122503000.0, 0.01], [122507000.0, 0.00370065], [122514000.0, 0.00018], [122524000.0, 0.03629761], [122527000.0, 0.04009024], [122553000.0, 0.03883742], [122564000.0, 2.2119838], [122569000.0, 0.23656]]},
{"timestamp": 1743938543804, "bids": [[122488000.0, 8.164e-05], [122486000.0, 0.23965725], [122485000.0, 0.0144914], [122453000.0, 0.00081663], [122450000.0, 0.795147], [122449000.0, 0.0174764], [122445000.0, 0.01621922], [122444000.0, 0.01814868], [122443000.0, 9.085e-05], [122442000.0, 0.02044718]], "asks": [[122500000.0, 0.16317902], [122501000.0, 0.04825582], [122503000.0, 0.01], [122507000.0, 0.00370065], [122514000.0, 0.00018], [122524000.0, 0.03629761], [122527000.0, 0.04009024], [122553000.0, 0.03883742], [122564000.0, 2.2119838], [122569000.0, 0.23656]]},
{"timestamp": 1743938543904, "bids": [[122488000.0, 8.164e-05], [122486000.0, 0.23965725], [122485000.0, 0.0144914], [122453000.0, 0.00081663], [122451000.0, 0.00970258], [122450000.0, 0.795147], [122449000.0, 0.0174764], [122445000.0, 0.01621922], [122444000.0, 0.01814868], [122443000.0, 9.085e-05]], "asks": [[122500000.0, 0.16317902], [122501000.0, 0.04825582], [122503000.0, 0.01], [122507000.0, 0.00370065], [122514000.0, 0.00018], [122524000.0, 0.03629761], [122527000.0, 0.04009024], [122553000.0, 0.03883742], [122564000.0, 2.2119838], [122569000.0, 0.23656]]},
{"timestamp": 1743938545004, "bids": [[122488000.0, 8.164e-05], [122486000.0, 0.23965725], [122485000.0, 0.0144914], [122453000.0, 0.00081663], [122451000.0, 0.00970258], [122450000.0, 0.795147], [122449000.0, 0.0174764], [122445000.0, 0.01621922], [122444000.0, 0.01814868], [122443000.0, 9.085e-05]], "asks": [[122500000.0, 0.16317902], [122501000.0, 0.04825582], [122503000.0, 0.01], [122507000.0, 0.00370065], [122514000.0, 0.00018], [122527000.0, 0.04009024], [122553000.0, 0.03883742], [122564000.0, 2.2119838], [122569000.0, 0.23656], [122570000.0, 0.01938]]},
{"timestamp": 1743938545204, "bids": [[122486000.0, 0.22497446], [122485000.0, 0.0144914], [122453000.0, 0.00081663], [122451000.0, 0.00970258], [122450000.0, 0.795147], [122449000.0, 0.0174764], [122445000.0, 0.01621922], [122444000.0, 0.01814868], [122443000.0, 9.085e-05], [122442000.0, 0.02044718]], "asks": [[122500000.0, 0.16317902], [122501000.0, 0.04825582], [122503000.0, 0.01], [122507000.0, 0.00370065], [122514000.0, 0.00018], [122527000.0, 0.04009024], [122553000.0, 0.03883742], [122564000.0, 2.2119838], [122569000.0, 0.23656], [122570000.0, 0.01938]]},
{"timestamp": 1743938545304, "bids": [[122486000.0, 0.22497446], [122485000.0, 0.0144914], [122453000.0, 0.00081663], [122451000.0, 0.00970258], [122450000.0, 0.795147], [122449000.0, 0.0174764], [122445000.0, 0.01621922], [122444000.0, 0.01814868], [122443000.0, 9.085e-05], [122442000.0, 0.02044718]], "asks": [[122500000.0, 0.16317902], [122501000.0, 0.04825582], [122503000.0, 0.01], [122507000.0, 0.00370065], [122514000.0, 0.00018], [122526000.0, 0.03629761], [122527000.0, 0.04009024], [122553000.0, 0.03883742], [122564000.0, 2.2119838], [122569000.0, 0.23656]]},
{"timestamp": 1743938545504, "bids": [[122488000.0, 0.01993973], [122486000.0, 0.22497446], [122485000.0, 0.0144914], [122453000.0, 0.00081663], [122451000.0, 0.00970258], [122450000.0, 0.795147], [122449000.0, 0.0174764], [122445000.0, 0.01621922], [122444000.0, 0.01814868], [122443000.0, 9.085e-05]], "asks": [[122500000.0, 0.16317902], [122501000.0, 0.04825582], [122503000.0, 0.01], [122507000.0, 0.00370065], [122514000.0, 0.00018], [122526000.0, 0.03629761], [122527000.0, 0.04009024], [122553000.0, 0.03883742], [122564000.0, 2.2119838], [122569000.0, 0.23656]]},
{"timestamp": 1743938545904, "bids": [[122488000.0, 0.02084675], [122486000.0, 0.22497446], [122485000.0, 0.0144914], [122453000.0, 0.00081663], [122451000.0, 0.00970258], [122450000.0, 0.795147], [122449000.0, 0.0174764], [122445000.0, 0.01621922], [122444000.0, 0.01814868], [122443000.0, 9.085e-05]], "asks": [[122500000.0, 0.16317902], [122501000.0, 0.04825582], [122503000.0, 0.01], [122507000.0, 0.00370065], [122514000.0, 0.00018], [122526000.0, 0.03629761], [122527000.0, 0.04009024], [122553000.0, 0.03883742], [122564000.0, 2.2119838], [122569000.0, 0.23656]]},
{"timestamp": 1743938546904, "bids": [[122488000.0, 0.02084675], [122486000.0, 0.22497446], [122485000.0, 0.0144914], [122453000.0, 0.00081663], [122451000.0, 0.00970258], [122450000.0, 0.795147], [122449000.0, 0.0174764], [122445000.0, 0.01621922], [122444000.0, 0.01814868], [122443000.0, 9.085e-05]], "asks": [[122500000.0, 0.16317902], [122501000.0, 0.04825582], [122503000.0, 0.01], [122507000.0, 0.00370065], [122514000.0, 0.00018], [122526000.0, 0.03629761], [122527000.0, 0.04009024], [122553000.0, 0.03883742], [122564000.0, 2.2119838], [122569000.0, 0.23656]]},
{"timestamp": 1743938547704, "bids": [[122488000.0, 0.01262078], [122486000.0, 0.22497446], [122485000.0, 0.0144914], [122453000.0, 0.00081663], [122451000.0, 0.00970258], [122450000.0, 0.795147], [122449000.0, 0.0174764], [122445000.0, 0.01621922], [122444000.0, 0.01814868], [122443000.0, 9.085e-05]], "asks": [[122500000.0, 0.16317902], [122501000.0, 0.04825582], [122503000.0, 0.01], [122507000.0, 0.00370065], [122514000.0, 0.00018], [122526000.0, 0.03629761], [122527000.0, 0.04009024], [122553000.0, 0.03883742], [122564000.0, 2.2119838], [122569000.0, 0.23656]]},
{"timestamp": 1743938548004, "bids": [[122490000.0, 8.163e-05], [122488000.0, 0.01262078], [122486000.0, 0.22497446], [122485000.0, 0.0144914], [122453000.0, 0.00081663], [122451000.0, 0.00970258], [122450000.0, 0.795147], [122449000.0, 0.0174764], [122445000.0, 0.01621922], [122444000.0, 0.01814868]], "asks": [[122500000.0, 0.16317902], [122501000.0, 0.04825582], [122503000.0, 0.01], [122507000.0, 0.00370065], [122514000.0, 0.00018], [122526000.0, 0.03629761], [122527000.0, 0.04009024], [122553000.0, 0.03883742], [122564000.0, 2.2119838], [122569000.0, 0.23656]]},
{"timestamp": 1743938548304, "bids": [[122490000.0, 8.163e-05], [122488000.0, 0.01262078], [122486000.0, 0.2250561], [122485000.0, 0.0144914], [122453000.0, 0.00081663], [122451000.0, 0.00970258], [122450000.0, 0.795147], [122449000.0, 0.0174764], [122445000.0, 0.01621922], [122444000.0, 0.01814868]], "asks": [[122500000.0, 0.16317902], [122501000.0, 0.04825582], [122503000.0, 0.01], [122507000.0, 0.00370065], [122514000.0, 0.00018], [122526000.0, 0.03629761], [122527000.0, 0.04009024], [122553000.0, 0.03883742], [122564000.0, 2.2119838], [122569000.0, 0.23656]]},
{"timestamp": 1743938548404, "bids": [[122490000.0, 8.163e-05], [122488000.0, 0.01262078], [122486000.0, 0.2250561], [122485000.0, 0.0144914], [122453000.0, 0.00081663], [122451000.0, 0.00970258], [122450000.0, 0.795147], [122449000.0, 0.0174764], [122445000.0, 0.01621922], [122444000.0, 0.01814868]], "asks": [[122500000.0, 0.16317902], [122501000.0, 0.04825582], [122503000.0, 0.01], [122507000.0, 0.00370065], [122514000.0, 0.00018], [122526000.0, 0.03629761], [122527000.0, 0.04009024], [122553000.0, 0.03883742], [122564000.0, 2.2119838], [122569000.0, 0.23656]]},
{"timestamp": 1743938548504, "bids": [[122486000.0, 0.15611652], [122485000.0, 0.0144914], [122453000.0, 0.00081663], [122451000.0, 0.00970258], [122450000.0, 0.795147], [122449000.0, 0.0174764], [122445000.0, 0.01621922], [122444000.0, 0.01814868], [122443000.0, 9.085e-05], [122442000.0, 0.02044718]], "asks": [[122500000.0, 0.16317902], [122501000.0, 0.04825582], [122503000.0, 0.01], [122507000.0, 0.00370065], [122514000.0, 0.00018], [122526000.0, 0.03629761], [122527000.0, 0.04009024], [122553000.0, 0.03883742], [122564000.0, 2.2119838], [122569000.0, 0.23656]]},
{"timestamp": 1743938548604, "bids": [[122486000.0, 0.15611652], [122485000.0, 0.0144914], [122453000.0, 0.00081663], [122451000.0, 0.00970258], [122450000.0, 0.795147], [122449000.0, 0.0174764], [122445000.0, 0.01621922], [122444000.0, 0.01814868], [122443000.0, 9.085e-05], [122442000.0, 0.02044718]], "asks": [[122500000.0, 0.16317902], [122501000.0, 0.04825582], [122503000.0, 0.01], [122507000.0, 0.00370065], [122514000.0, 0.00018], [122527000.0, 0.04009024], [122553000.0, 0.03883742], [122564000.0, 2.2119838], [122569000.0, 0.23656], [122570000.0, 0.01938]]},
{"timestamp": 1743938548704, "bids": [[122488000.0, 0.00090702], [122486000.0, 0.15611652], [122485000.0, 0.0144914], [122453000.0, 0.00081663], [122451000.0, 0.00970258], [122450000.0, 0.795147], [122449000.0, 0.0174764], [122445000.0, 0.01621922], [122444000.0, 0.01814868], [122443000.0, 9.085e-05]], "asks": [[122500000.0, 0.16317902], [122501000.0, 0.04825582], [122503000.0, 0.01], [122507000.0, 0.00370065], [122514000.0, 0.00018], [122527000.0, 0.0763875], [122553000.0, 0.03883742], [122564000.0, 2.2119838], [122569000.0, 0.23656], [122570000.0, 0.01938]]},
{"timestamp": 1743938548804, "bids": [[122488000.0, 0.00090702], [122486000.0, 0.15611652], [122485000.0, 0.0144914], [122453000.0, 0.00081663], [122451000.0, 0.00970258], [122450000.0, 0.795147], [122449000.0, 0.0174764], [122445000.0, 0.01621922], [122444000.0, 0.01814868], [122443000.0, 9.085e-05]], "asks": [[122500000.0, 0.16219726], [122501000.0, 0.04825582], [122503000.0, 0.01], [122507000.0, 0.00370065], [122514000.0, 0.00018], [122527000.0, 0.0763875], [122553000.0, 0.03883742], [122564000.0, 2.2119838], [122569000.0, 0.23656], [122570000.0, 0.01938]]},
{"timestamp": 1743938548904, "bids": [[122488000.0, 0.00090702], [122486000.0, 0.15611652], [122485000.0, 0.0144914], [122453000.0, 0.00081663], [122451000.0, 0.00970258], [122450000.0, 0.795147], [122449000.0, 0.0174764], [122445000.0, 0.01621922], [122444000.0, 0.01814868], [122443000.0, 9.085e-05]], "asks": [[122500000.0, 0.16219726], [122501000.0, 0.04825582], [122503000.0, 0.01], [122507000.0, 0.00370065], [122514000.0, 0.00018], [122527000.0, 0.0763875], [122553000.0, 0.03883742], [122564000.0, 2.2119838], [122569000.0, 0.23656], [122570000.0, 0.01938]]},
{"timestamp": 1743938549404, "bids": [[122488000.0, 0.00090702], [122486000.0, 0.15611652], [122485000.0, 0.0144914], [122453000.0, 0.00081663], [122451000.0, 0.00970258], [122450000.0, 0.795147], [122449000.0, 0.0174764], [122445000.0, 0.01621922], [122444000.0, 0.01814868], [122443000.0, 9.085e-05]], "asks": [[122500000.0, 0.16219726], [122501000.0, 0.04825582], [122503000.0, 0.01], [122507000.0, 0.00370065], [122514000.0, 0.00018], [122527000.0, 0.0763875], [122553000.0, 0.03883742], [122564000.0, 2.2119838], [122569000.0, 0.23656], [122570000.0, 0.01938]]},
{"timestamp": 1743938549604, "bids": [[122488000.0, 0.00090702], [122486000.0, 0.15611652], [122485000.0, 0.0144914], [122453000.0, 0.00081663], [122451000.0, 0.00970258], [122450000.0, 0.795147], [122449000.0, 0.0174764], [122445000.0, 0.01621922], [122444000.0, 0.01814868], [122443000.0, 9.085e-05]], "asks": [[122500000.0, 0.154034], [122501000.0, 0.04825582], [122503000.0, 0.01], [122507000.0, 0.00370065], [122514000.0, 0.00018], [122527000.0, 0.0763875], [122553000.0, 0.03883742], [122564000.0, 2.2119838], [122569000.0, 0.23656], [122570000.0, 0.01938]]},
{"timestamp": 1743938549904, "bids": [[122488000.0, 0.00090702], [122486000.0, 0.15611652], [122485000.0, 0.0144914], [122453000.0, 0.00081663], [122451000.0, 0.00970258], [122450000.0, 0.795147], [122449000.0, 0.0174764], [122445000.0, 0.01621922], [122444000.0, 0.01814868], [122443000.0, 9.085e-05]], "asks": [[122500000.0, 0.15393968], [122501000.0, 0.04825582], [122503000.0, 0.01], [122507000.0, 0.00370065], [122514000.0, 0.00018], [122527000.0, 0.0763875], [122553000.0, 0.03883742], [122564000.0, 2.2119838], [122569000.0, 0.23656], [122570000.0, 0.01938]]},
{"timestamp": 1743938550504, "bids": [[122488000.0, 0.0514903], [122486000.0, 0.15703386], [122485000.0, 0.0144914], [122453000.0, 0.00081663], [122451000.0, 0.00970258], [122450000.0, 0.795147], [122449000.0, 0.0174764], [122445000.0, 0.01621922], [122444000.0, 0.01814868], [122443000.0, 9.085e-05]], "asks": [[122500000.0, 0.15393968], [122501000.0, 0.04825582], [122503000.0, 0.01], [122507000.0, 0.00370065], [122514000.0, 0.00018], [122527000.0, 0.0763875], [122553000.0, 0.03883742], [122564000.0, 2.2119838], [122569000.0, 0.23656], [122570000.0, 0.01938]]},
{"timestamp": 1743938550804, "bids": [[122488000.0, 0.0514903], [122486000.0, 0.15703386], [122485000.0, 0.0144914], [122453000.0, 0.00081663], [122451000.0, 0.00970258], [122450000.0, 0.795147], [122449000.0, 0.0174764], [122445000.0, 0.01621922], [122444000.0, 0.01814868], [122443000.0, 9.085e-05]], "asks": [[122500000.0, 0.15393968], [122501000.0, 0.04825582], [122503000.0, 0.01], [122507000.0, 0.00370065], [122514000.0, 0.00018], [122527000.0, 0.0763875], [122553000.0, 0.03883742], [122564000.0, 2.2067638], [122569000.0, 0.23656], [122571000.0, 0.009]]},
{"timestamp": 1743938550904, "bids": [[122488000.0, 0.0514903], [122486000.0, 0.15703386], [122485000.0, 0.0144914], [122453000.0, 0.00081663], [122451000.0, 0.00970258], [122450000.0, 0.795147], [122449000.0, 0.0174764], [122445000.0, 0.01621922], [122444000.0, 0.01814868], [122443000.0, 9.085e-05]], "asks": [[122500000.0, 0.15393968], [122501000.0, 0.04825582], [122503000.0, 0.01], [122507000.0, 0.00370065], [122514000.0, 0.00018], [122527000.0, 0.0763875], [122553000.0, 0.03883742], [122564000.0, 2.2067638], [122569000.0, 0.23656], [122571000.0, 0.009]]},
{"timestamp": 1743938551304, "bids": [[122488000.0, 0.0514903], [122486000.0, 0.15703386], [122485000.0, 0.0144914], [122453000.0, 0.00081663], [122451000.0, 0.00970258], [122450000.0, 0.795147], [122449000.0, 0.0174764], [122445000.0, 0.01621922], [122444000.0, 0.01814868], [122443000.0, 9.085e-05]], "asks": [[122500000.0, 0.15393968], [122501000.0, 0.04825582], [122503000.0, 0.01], [122507000.0, 0.00370065], [122514000.0, 0.00018], [122527000.0, 0.04009024], [122553000.0, 0.03883742], [122564000.0, 2.2067638], [122569000.0, 0.23656], [122571000.0, 0.009]]},
{"timestamp": 1743938551504, "bids": [[122488000.0, 0.0514903], [122486000.0, 0.15703386], [122485000.0, 0.0144914], [122453000.0, 0.00081663], [122451000.0, 0.00970258], [122450000.0, 0.795147], [122449000.0, 0.0174764], [122445000.0, 0.01621922], [122444000.0, 0.01814868], [122443000.0, 9.085e-05]], "asks": [[122500000.0, 0.15393968], [122501000.0, 0.04825582], [122503000.0, 0.01], [122507000.0, 0.00370065], [122514000.0, 0.00018], [122527000.0, 0.04009024], [122529000.0, 0.03629594], [122553000.0, 0.03883742], [122564000.0, 2.2067638], [122569000.0, 0.23656]]},
{"timestamp": 1743938551904, "bids": [[122488000.0, 0.0514903], [122486000.0, 0.15703386], [122485000.0, 0.0144914], [122453000.0, 0.00081663], [122451000.0, 0.00970258], [122450000.0, 0.795147], [122449000.0, 0.0174764], [122445000.0, 0.01621922], [122444000.0, 0.01814868], [122443000.0, 9.085e-05]], "asks": [[122500000.0, 0.15393968], [122501000.0, 0.04825582], [122503000.0, 0.01], [122507000.0, 0.00370065], [122514000.0, 0.00018], [122527000.0, 0.04009024], [122529000.0, 0.03629594], [122553000.0, 0.03883742], [122564000.0, 2.2067638], [122569000.0, 0.23656]]},
{"timestamp": 1743938552004, "bids": [[122488000.0, 0.0514903], [122486000.0, 0.15703386], [122485000.0, 0.0144914], [122453000.0, 0.00081663], [122451000.0, 0.00970258], [122450000.0, 0.795147], [122449000.0, 0.0174764], [122445000.0, 0.01621922], [122444000.0, 0.01814868], [122443000.0, 9.085e-05]], "asks": [[122500000.0, 0.15393968], [122501000.0, 0.04825582], [122503000.0, 0.01], [122507000.0, 0.00370065], [122514000.0, 0.00018], [122527000.0, 0.04009024], [122529000.0, 0.03629594], [122553000.0, 0.03883742], [122564000.0, 2.2067638], [122569000.0, 0.23656]]},
{"timestamp": 1743938552104, "bids": [[122488000.0, 0.0514903], [122486000.0, 0.15703386], [122485000.0, 0.0144914], [122453000.0, 0.00081663], [122451000.0, 0.00970258], [122450000.0, 0.795147], [122449000.0, 0.0174764], [122445000.0, 0.01621922], [122444000.0, 0.01814868], [122443000.0, 9.085e-05]], "asks": [[122500000.0, 0.15393968], [122501000.0, 0.04825582], [122503000.0, 0.01], [122507000.0, 0.00370065], [122514000.0, 0.00018], [122527000.0, 0.04009024], [122529000.0, 0.03629594], [122553000.0, 0.03883742], [122564000.0, 2.2067638], [122569000.0, 0.23656]]},
{"timestamp": 1743938552204, "bids": [[122488000.0, 0.0514903], [122486000.0, 0.15703386], [122485000.0, 0.0144914], [122453000.0, 0.00081663], [122451000.0, 0.00970258], [122450000.0, 0.795147], [122449000.0, 0.0174764], [122445000.0, 0.01621922], [122444000.0, 0.01814868], [122443000.0, 9.085e-05]], "asks": [[122500000.0, 0.1531234], [122501000.0, 0.04825582], [122503000.0, 0.01], [122507000.0, 0.00370065], [122514000.0, 0.00018], [122527000.0, 0.04009024], [122529000.0, 0.03629594], [122553000.0, 0.03883742], [122564000.0, 2.2067638], [122569000.0, 0.23656]]},
{"timestamp": 1743938552504, "bids": [[122488000.0, 0.0514903], [122486000.0, 0.15703386], [122485000.0, 0.0144914], [122453000.0, 0.00081663], [122451000.0, 0.00970258], [122450000.0, 0.795147], [122449000.0, 0.0174764], [122445000.0, 0.01621922], [122444000.0, 0.01814868], [122443000.0, 9.085e-05]], "asks": [[122500000.0, 0.1531234], [122501000.0, 0.04825582], [122503000.0, 0.01], [122507000.0, 0.00370065], [122514000.0, 0.00018], [122527000.0, 0.04009024], [122553000.0, 0.03883742], [122564000.0, 2.2067638], [122569000.0, 0.23656], [122571000.0, 0.009]]},
{"timestamp": 1743938552604, "bids": [[122488000.0, 0.0514903], [122486000.0, 0.15703386], [122485000.0, 0.0144914], [122453000.0, 0.00081663], [122451000.0, 0.00970258], [122450000.0, 0.795147], [122449000.0, 0.0174764], [122445000.0, 0.01621922], [122444000.0, 0.01814868], [122443000.0, 9.085e-05]], "asks": [[122500000.0, 0.1531234], [122501000.0, 0.04825582], [122503000.0, 0.01], [122507000.0, 0.00370065], [122514000.0, 0.00018], [122527000.0, 0.04009024], [122542000.0, 0.03629103], [122553000.0, 0.03883742], [122564000.0, 2.2067638], [122569000.0, 0.23656]]},
{"timestamp": 1743938552704, "bids": [[122488000.0, 0.05157194], [122486000.0, 0.15703386], [122485000.0, 0.0144914], [122453000.0, 0.00081663], [122451000.0, 0.00970258], [122450000.0, 0.795147], [122449000.0, 0.0174764], [122445000.0, 0.01621922], [122444000.0, 0.01814868], [122443000.0, 9.085e-05]], "asks": [[122500000.0, 0.1531234], [122501000.0, 0.04825582], [122503000.0, 0.01], [122507000.0, 0.00370065], [122514000.0, 0.00018], [122527000.0, 0.04009024], [122542000.0, 0.03629103], [122553000.0, 0.03883742], [122564000.0, 2.2067638], [122569000.0, 0.23656]]},
{"timestamp": 1743938552804, "bids": [[122488000.0, 0.05157194], [122486000.0, 0.15703386], [122485000.0, 0.0144914], [122453000.0, 0.00081663], [122451000.0, 0.00970258], [122450000.0, 0.795147], [122449000.0, 0.0174764], [122445000.0, 0.01621922], [122444000.0, 0.01814868], [122443000.0, 9.085e-05]], "asks": [[122500000.0, 0.1531234], [122501000.0, 0.04825582], [122503000.0, 0.01], [122507000.0, 0.00370065], [122514000.0, 0.00018], [122527000.0, 0.04009024], [122542000.0, 0.03629103], [122553000.0, 0.03883742], [122564000.0, 2.2067638], [122569000.0, 0.23656]]},
{"timestamp": 1743938552904, "bids": [[122488000.0, 0.05157194], [122486000.0, 0.15703386], [122485000.0, 0.0144914], [122453000.0, 0.00081663], [122451000.0, 0.00970258], [122450000.0, 0.795147], [122449000.0, 0.0174764], [122445000.0, 0.01621922], [122444000.0, 0.01814868], [122443000.0, 9.085e-05]], "asks": [[122500000.0, 0.1531234], [122501000.0, 0.04825582], [122503000.0, 0.01], [122507000.0, 0.00370065], [122514000.0, 0.00018], [122527000.0, 0.04009024], [122542000.0, 0.03629103], [122553000.0, 0.03883742], [122564000.0, 2.2067638], [122569000.0, 0.08656]]},
{"timestamp": 1743938553104, "bids": [[122488000.0, 0.05157194], [122486000.0, 0.15703386], [122485000.0, 0.0144914], [122453000.0, 0.00081663], [122451000.0, 0.00970258], [122450000.0, 0.795147], [122449000.0, 0.0174764], [122445000.0, 0.01621922], [122444000.0, 0.01814868], [122443000.0, 9.085e-05]], "asks": [[122500000.0, 0.1531234], [122501000.0, 0.04825582], [122503000.0, 0.01], [122507000.0, 0.00370065], [122514000.0, 0.00018], [122527000.0, 0.04009024], [122542000.0, 0.03629103], [122553000.0, 0.03883742], [122564000.0, 2.2067638], [122569000.0, 0.08656]]},
{"timestamp": 1743938553304, "bids": [[122488000.0, 0.05157194], [122486000.0, 0.15703386], [122485000.0, 0.0144914], [122453000.0, 0.00081663], [122451000.0, 0.00970258], [122450000.0, 0.795147], [122449000.0, 0.0174764], [122445000.0, 0.01621922], [122444000.0, 0.01814868], [122443000.0, 9.085e-05]], "asks": [[122500000.0, 0.1531234], [122501000.0, 0.04825582], [122503000.0, 0.01], [122507000.0, 0.00370065], [122514000.0, 0.00018], [122527000.0, 0.04009024], [122542000.0, 0.03629103], [122553000.0, 0.03883742], [122564000.0, 2.2067638], [122569000.0, 0.08656]]},
{"timestamp": 1743938553604, "bids": [[122488000.0, 0.05157194], [122486000.0, 0.15703386], [122485000.0, 0.0144914], [122453000.0, 0.00081663], [122451000.0, 0.00970258], [122450000.0, 0.795147], [122449000.0, 0.0174764], [122445000.0, 0.01621922], [122444000.0, 0.01814868], [122443000.0, 9.085e-05]], "asks": [[122500000.0, 0.1531234], [122501000.0, 0.04825582], [122503000.0, 0.01], [122507000.0, 0.00370065], [122514000.0, 0.00018], [122527000.0, 0.04009024], [122553000.0, 0.03883742], [122564000.0, 2.2067638], [122569000.0, 0.08656], [122571000.0, 0.009]]},
{"timestamp": 1743938553804, "bids": [[122488000.0, 0.05157194], [122486000.0, 0.15703386], [122485000.0, 0.0144914], [122453000.0, 0.00081663], [122451000.0, 0.00970258], [122450000.0, 0.795147], [122449000.0, 0.0174764], [122445000.0, 0.01621922], [122444000.0, 0.01814868], [122443000.0, 9.085e-05]], "asks": [[122500000.0, 0.1531234], [122501000.0, 0.04825582], [122503000.0, 0.01], [122507000.0, 0.00370065], [122514000.0, 0.00018], [122527000.0, 0.04009024], [122549000.0, 0.03629103], [122553000.0, 0.03883742], [122564000.0, 2.2067638], [122569000.0, 0.08656]]},
{"timestamp": 1743938554104, "bids": [[122489000.0, 0.001], [122488000.0, 0.05157194], [122486000.0, 0.15703386], [122485000.0, 0.0144914], [122453000.0, 0.00081663], [122451000.0, 0.00970258], [122450000.0, 0.77882808], [122449000.0, 0.0174764], [122445000.0, 0.01621922], [122444000.0, 0.01814868]], "asks": [[122500000.0, 0.1531234], [122501000.0, 0.04825582], [122503000.0, 0.01], [122507000.0, 0.00370065], [122514000.0, 0.00018], [122527000.0, 0.04009024], [122549000.0, 0.03629103], [122553000.0, 0.03883742], [122564000.0, 2.2067638], [122571000.0, 0.009]]},
{"timestamp": 1743938554504, "bids": [[122489000.0, 0.001], [122488000.0, 0.05157194], [122486000.0, 0.15703386], [122485000.0, 0.0144914], [122453000.0, 0.00081663], [122451000.0, 0.00970258], [122450000.0, 0.77882808], [122449000.0, 0.0174764], [122445000.0, 0.01621922], [122444000.0, 0.01814868]], "asks": [[122500000.0, 0.1531234], [122501000.0, 0.04825582], [122503000.0, 0.01], [122507000.0, 0.00370065], [122514000.0, 0.00018], [122527000.0, 0.04009024], [122549000.0, 0.03629103], [122553000.0, 0.03883742], [122564000.0, 2.2067638], [122571000.0, 0.009]]},
{"timestamp": 1743938555104, "bids": [[122489000.0, 0.001], [122488000.0, 0.05165358], [122486000.0, 0.15703386], [122485000.0, 0.0144914], [122453000.0, 0.00081663], [122451000.0, 0.00970258], [122450000.0, 0.77882808], [122449000.0, 0.0174764], [122445000.0, 0.01621922], [122444000.0, 0.01814868]], "asks": [[122500000.0, 0.1531234], [122501000.0, 0.04825582], [122503000.0, 0.01], [122507000.0, 0.00370065], [122514000.0, 0.00018], [122527000.0, 0.04009024], [122549000.0, 0.03629103], [122553000.0, 0.03883742], [122564000.0, 2.2067638], [122571000.0, 0.009]]},
{"timestamp": 1743938555704, "bids": [[122489000.0, 0.001], [122488000.0, 0.05165358], [122486000.0, 0.15703386], [122485000.0, 0.0144914], [122453000.0, 0.00081663], [122451000.0, 0.00970258], [122450000.0, 0.77882808], [122449000.0, 0.0174764], [122445000.0, 0.01621922], [122444000.0, 0.01814868]], "asks": [[122500000.0, 0.1531234], [122501000.0, 0.04825582], [122503000.0, 0.01], [122507000.0, 0.00370065], [122514000.0, 0.00018], [122527000.0, 0.04009024], [122549000.0, 0.03629103], [122553000.0, 0.03883742], [122564000.0, 2.2067638], [122571000.0, 0.009]]},
{"timestamp": 1743938556704, "bids": [[122489000.0, 1.824e-05], [122488000.0, 0.05165358], [122486000.0, 0.15703386], [122485000.0, 0.0144914], [122453000.0, 0.00081663], [122451000.0, 0.00970258], [122450000.0, 0.77882808], [122449000.0, 0.0174764], [122445000.0, 0.01621922], [122444000.0, 0.01814868]], "asks": [[122500000.0, 0.1531234], [122501000.0, 0.04825582], [122503000.0, 0.01], [122507000.0, 0.00370065], [122514000.0, 0.00018], [122527000.0, 0.04009024], [122549000.0, 0.03629103], [122553000.0, 0.03883742], [122564000.0, 2.2067638], [122571000.0, 0.009]]},
{"timestamp": 1743938557204, "bids": [[122489000.0, 1.824e-05], [122488000.0, 0.05165358], [122486000.0, 0.18108126], [122485000.0, 0.0144914], [122453000.0, 0.00081663], [122451000.0, 0.00970258], [122450000.0, 0.77882808], [122449000.0, 0.0174764], [122445000.0, 0.01621922], [122444000.0, 0.01814868]], "asks": [[122500000.0, 0.1531234], [122501000.0, 0.04825582], [122503000.0, 0.01], [122507000.0, 0.00370065], [122514000.0, 0.00018], [122527000.0, 0.04009024], [122549000.0, 0.03629103], [122553000.0, 0.03883742], [122564000.0, 2.2067638], [122571000.0, 0.009]]},
{"timestamp": 1743938557504, "bids": [[122489000.0, 1.824e-05], [122488000.0, 0.05165358], [122486000.0, 0.18108126], [122485000.0, 0.0144914], [122453000.0, 0.00081663], [122451000.0, 0.00970258], [122450000.0, 0.77882808], [122449000.0, 0.0174764], [122445000.0, 0.01621922], [122444000.0, 0.01814868]], "asks": [[122500000.0, 0.1531234], [122501000.0, 0.04825582], [122503000.0, 0.01], [122507000.0, 0.00370065], [122514000.0, 0.00018], [122527000.0, 0.04009024], [122553000.0, 0.03883742], [122564000.0, 2.2067638], [122571000.0, 0.009], [122573000.0, 0.428807]]},
{"timestamp": 1743938557604, "bids": [[122489000.0, 1.824e-05], [122488000.0, 0.05165358], [122486000.0, 0.18108126], [122485000.0, 0.0144914], [122453000.0, 0.00081663], [122451000.0, 0.00970258], [122450000.0, 0.77882808], [122449000.0, 0.0174764], [122445000.0, 0.01621922], [122444000.0, 0.01814868]], "asks": [[122500000.0, 0.1531234], [122501000.0, 0.04825582], [122503000.0, 0.01], [122507000.0, 0.00370065], [122514000.0, 0.00018], [122527000.0, 0.04009024], [122553000.0, 0.03883742], [122564000.0, 2.2067638], [122571000.0, 0.009], [122573000.0, 0.428807]]},
{"timestamp": 1743938557704, "bids": [[122489000.0, 1.824e-05], [122488000.0, 0.05165358], [122486000.0, 0.18108126], [122485000.0, 0.0144914], [122453000.0, 0.00081663], [122451000.0, 0.00970258], [122450000.0, 0.77882808], [122449000.0, 0.0174764], [122445000.0, 0.01621922], [122444000.0, 0.01814868]], "asks": [[122500000.0, 0.1531234], [122501000.0, 0.04825582], [122503000.0, 0.01], [122507000.0, 0.00370065], [122514000.0, 0.00018], [122527000.0, 0.04009024], [122550000.0, 0.03629151], [122553000.0, 0.03883742], [122564000.0, 2.2067638], [122571000.0, 0.009]]},
{"timestamp": 1743938557804, "bids": [[122489000.0, 1.824e-05], [122488000.0, 0.05165358], [122486000.0, 0.18108126], [122485000.0, 0.0144914], [122453000.0, 0.00081663], [122451000.0, 0.01051923], [122450000.0, 0.77882808], [122449000.0, 0.0174764], [122445000.0, 0.01621922], [122444000.0, 0.01814868]], "asks": [[122500000.0, 0.1531234], [122501000.0, 0.04825582], [122503000.0, 0.01], [122507000.0, 0.00370065], [122514000.0, 0.00018], [122527000.0, 0.04009024], [122550000.0, 0.03629151], [122553000.0, 0.03883742], [122564000.0, 2.2067638], [122571000.0, 0.009]]},
{"timestamp": 1743938558604, "bids": [[122489000.0, 1.824e-05], [122488000.0, 0.05165358], [122486000.0, 0.18108126], [122485000.0, 0.00016328], [122453000.0, 0.00081663], [122451000.0, 0.01051923], [122450000.0, 0.77882808], [122449000.0, 0.0174764], [122445000.0, 0.01621922], [122444000.0, 0.01814868]], "asks": [[122500000.0, 0.1531234], [122501000.0, 0.04825582], [122503000.0, 0.01], [122507000.0, 0.00370065], [122514000.0, 0.00018], [122527000.0, 0.04009024], [122550000.0, 0.03629151], [122553000.0, 0.03883742], [122564000.0, 2.2067638], [122571000.0, 0.009]]},
{"timestamp": 1743938559004, "bids": [[122489000.0, 1.824e-05], [122488000.0, 0.05165358], [122486000.0, 0.18108126], [122485000.0, 0.00016328], [122453000.0, 0.00081663], [122451000.0, 0.01051923], [122450000.0, 0.77882808], [122449000.0, 0.0174764], [122445000.0, 0.01621922], [122444000.0, 0.01814868]], "asks": [[122500000.0, 0.1531234], [122501000.0, 0.04825582], [122503000.0, 0.01], [122507000.0, 0.00370065], [122514000.0, 0.00018], [122527000.0, 0.04009024], [122553000.0, 0.03883742], [122571000.0, 0.009], [122573000.0, 0.428807], [122586000.0, 0.03263]]},
{"timestamp": 1743938559104, "bids": [[122489000.0, 1.824e-05], [122488000.0, 0.05165358], [122486000.0, 0.18108126], [122485000.0, 0.00016328], [122453000.0, 0.00081663], [122451000.0, 0.01051923], [122450000.0, 0.77882808], [122449000.0, 0.0174764], [122445000.0, 0.01621922], [122444000.0, 0.01814868]], "asks": [[122500000.0, 0.1531234], [122501000.0, 0.04825582], [122503000.0, 0.01], [122507000.0, 0.00370065], [122514000.0, 0.00018], [122527000.0, 0.04009024], [122553000.0, 0.03883742], [122555000.0, 0.0362898], [122571000.0, 0.009], [122573000.0, 0.428807]]},
{"timestamp": 1743938559404, "bids": [[122489000.0, 1.824e-05], [122488000.0, 0.05165358], [122486000.0, 0.18108126], [122485000.0, 0.00016328], [122453000.0, 0.00081663], [122451000.0, 0.01051923], [122450000.0, 0.77882808], [122449000.0, 0.0174764], [122445000.0, 0.01621922], [122444000.0, 0.01814868]], "asks": [[122500000.0, 0.1531234], [122501000.0, 0.04825582], [122503000.0, 0.01], [122507000.0, 0.00370065], [122514000.0, 0.00018], [122527000.0, 0.04009024], [122553000.0, 0.03883742], [122555000.0, 0.0362898], [122571000.0, 0.009], [122573000.0, 0.428807]]},
{"timestamp": 1743938559704, "bids": [[122489000.0, 1.824e-05], [122488000.0, 0.05165358], [122486000.0, 0.18108126], [122485000.0, 0.00016328], [122453000.0, 0.00081663], [122451000.0, 0.01051923], [122450000.0, 0.77882808], [122449000.0, 0.0174764], [122445000.0, 0.01621922], [122444000.0, 0.01814868]], "asks": [[122500000.0, 0.1531234], [122501000.0, 0.04825582], [122503000.0, 0.01], [122507000.0, 0.00370065], [122514000.0, 0.00018], [122527000.0, 0.04009024], [122553000.0, 0.03883742], [122555000.0, 0.0362898], [122571000.0, 0.009], [122573000.0, 0.428807]]},
{"timestamp": 1743938560104, "bids": [[122489000.0, 1.824e-05], [122488000.0, 0.05165358], [122486000.0, 0.18108126], [122485000.0, 0.00016328], [122453000.0, 0.00081663], [122451000.0, 0.01051923], [122450000.0, 0.77882808], [122449000.0, 0.0174764], [122445000.0, 0.01621922], [122444000.0, 0.01814868]], "asks": [[122500000.0, 0.1531234], [122501000.0, 0.04825582], [122503000.0, 0.01], [122507000.0, 0.00370065], [122514000.0, 0.00018], [122527000.0, 0.04009024], [122553000.0, 0.03883742], [122571000.0, 0.009], [122573000.0, 0.428807], [122587000.0, 0.0016315]]},
{"timestamp": 1743938560204, "bids": [[122489000.0, 1.824e-05], [122488000.0, 0.05165358], [122486000.0, 0.18108126], [122485000.0, 0.00016328], [122453000.0, 0.00081663], [122451000.0, 0.01051923], [122450000.0, 0.77882808], [122449000.0, 0.0174764], [122445000.0, 0.01621922], [122444000.0, 0.01814868]], "asks": [[122500000.0, 0.1531234], [122501000.0, 0.04825582], [122503000.0, 0.01], [122507000.0, 0.00370065], [122514000.0, 0.00018], [122527000.0, 0.04009024], [122553000.0, 0.03883742], [122557000.0, 0.0362898], [122571000.0, 0.009], [122573000.0, 0.428807]]},
{"timestamp": 1743938560604, "bids": [[122489000.0, 1.824e-05], [122488000.0, 0.05165358], [122486000.0, 0.18108126], [122485000.0, 0.00016328], [122453000.0, 0.00081663], [122451000.0, 0.01051923], [122450000.0, 0.77882808], [122449000.0, 0.0174764], [122445000.0, 0.01621922], [122444000.0, 0.01814868]], "asks": [[122500000.0, 0.15296014], [122501000.0, 0.04825582], [122503000.0, 0.01], [122507000.0, 0.00370065], [122514000.0, 0.00018], [122527000.0, 0.04009024], [122553000.0, 0.03883742], [122557000.0, 0.0362898], [122571000.0, 0.009], [122573000.0, 0.428807]]},
{"timestamp": 1743938561204, "bids": [[122489000.0, 1.824e-05], [122488000.0, 0.05165358], [122486000.0, 0.18108126], [122485000.0, 0.00016328], [122453000.0, 0.00081663], [122451000.0, 0.01051923], [122450000.0, 0.77882808], [122449000.0, 0.0174764], [122445000.0, 0.01621922], [122444000.0, 0.01814868]], "asks": [[122500000.0, 0.15296014], [122501000.0, 0.04825582], [122503000.0, 0.01], [122507000.0, 0.00370065], [122514000.0, 0.00018], [122527000.0, 0.04009024], [122553000.0, 0.03883742], [122557000.0, 0.0362898], [122571000.0, 0.009], [122573000.0, 0.428807]]},
{"timestamp": 1743938561304, "bids": [[122489000.0, 1.824e-05], [122488000.0, 0.05165358], [122486000.0, 0.18108126], [122485000.0, 0.00016328], [122453000.0, 0.00081663], [122451000.0, 0.01051923], [122450000.0, 0.77882808], [122449000.0, 0.0174764], [122445000.0, 0.01621922], [122444000.0, 0.01814868]], "asks": [[122500000.0, 0.15296014], [122501000.0, 0.04825582], [122503000.0, 0.01], [122507000.0, 0.00370065], [122514000.0, 0.00018], [122527000.0, 0.04009024], [122553000.0, 0.03883742], [122557000.0, 0.0362898], [122571000.0, 0.009], [122573000.0, 0.428807]]},
{"timestamp": 1743938561404, "bids": [[122489000.0, 1.824e-05], [122488000.0, 0.05165358], [122486000.0, 0.18108126], [122485000.0, 0.00016328], [122453000.0, 0.00081663], [122451000.0, 0.01051923], [122450000.0, 0.77882808], [122449000.0, 0.0174764], [122445000.0, 0.01621922], [122444000.0, 0.01814868]], "asks": [[122500000.0, 0.15296014], [122501000.0, 0.04825582], [122503000.0, 0.01], [122507000.0, 0.00370065], [122514000.0, 0.00018], [122527000.0, 0.04009024], [122553000.0, 0.03883742], [122557000.0, 0.0362898], [122571000.0, 0.009], [122573000.0, 0.428807]]},
{"timestamp": 1743938561704, "bids": [[122489000.0, 1.824e-05], [122488000.0, 0.05165358], [122486000.0, 0.18108126], [122485000.0, 0.00016328], [122453000.0, 0.00081663], [122451000.0, 0.01051923], [122450000.0, 0.77882808], [122449000.0, 0.0174764], [122445000.0, 0.01621922], [122444000.0, 0.01814868]], "asks": [[122500000.0, 0.15296014], [122501000.0, 0.04825582], [122503000.0, 0.01], [122507000.0, 0.00370065], [122514000.0, 0.00018], [122526000.0, 0.01882113], [122527000.0, 0.04009024], [122553000.0, 0.03883742], [122557000.0, 0.0362898], [122571000.0, 0.009]]},
{"timestamp": 1743938561804, "bids": [[122489000.0, 1.824e-05], [122488000.0, 0.00981954], [122486000.0, 0.18108126], [122485000.0, 0.00016328], [122453000.0, 0.00081663], [122451000.0, 0.01051923], [122450000.0, 0.77882808], [122449000.0, 0.0174764], [122445000.0, 0.01621922], [122444000.0, 0.01814868]], "asks": [[122500000.0, 0.15296014], [122501000.0, 0.04825582], [122503000.0, 0.01], [122507000.0, 0.00370065], [122514000.0, 0.00018], [122526000.0, 0.01882113], [122527000.0, 0.04009024], [122553000.0, 0.03883742], [122557000.0, 0.0362898], [122571000.0, 0.009]]},
{"timestamp": 1743938561904, "bids": [[122489000.0, 1.824e-05], [122488000.0, 0.00981954], [122486000.0, 0.18108126], [122485000.0, 0.00016328], [122453000.0, 0.00081663], [122451000.0, 0.01051923], [122450000.0, 0.77882808], [122449000.0, 0.0174764], [122445000.0, 0.01621922], [122444000.0, 0.01814868]], "asks": [[122500000.0, 0.15296014], [122501000.0, 0.04825582], [122503000.0, 0.01], [122507000.0, 0.00370065], [122514000.0, 0.00018], [122526000.0, 0.01882113], [122527000.0, 0.04009024], [122553000.0, 0.03883742], [122557000.0, 0.0362898], [122571000.0, 0.009]]},
{"timestamp": 1743938562004, "bids": [[122489000.0, 1.824e-05], [122488000.0, 0.00981954], [122486000.0, 0.18108126], [122485000.0, 0.00016328], [122453000.0, 0.00081663], [122451000.0, 0.01051923], [122450000.0, 0.77882808], [122449000.0, 0.0174764], [122445000.0, 0.01621922], [122444000.0, 0.01814868]], "asks": [[122500000.0, 0.15296014], [122501000.0, 0.04825582], [122503000.0, 0.01], [122507000.0, 0.00370065], [122514000.0, 0.00018], [122526000.0, 0.01882113], [122527000.0, 0.04009024], [122553000.0, 0.03883742], [122557000.0, 0.0362898], [122571000.0, 0.009]]},
{"timestamp": 1743938562304, "bids": [[122489000.0, 1.824e-05], [122488000.0, 0.00981954], [122486000.0, 0.18108126], [122485000.0, 0.00016328], [122453000.0, 0.00081663], [122451000.0, 0.01051923], [122450000.0, 0.77882808], [122449000.0, 0.0174764], [122445000.0, 0.01621922], [122444000.0, 0.01814868]], "asks": [[122500000.0, 0.15296014], [122501000.0, 0.04825582], [122503000.0, 0.01], [122507000.0, 0.00370065], [122514000.0, 0.00018], [122526000.0, 0.01882113], [122527000.0, 0.04009024], [122553000.0, 0.03883742], [122557000.0, 0.0362898], [122571000.0, 0.009]]},
{"timestamp": 1743938562404, "bids": [[122489000.0, 1.824e-05], [122488000.0, 0.00981954], [122486000.0, 0.18108126], [122485000.0, 0.00016328], [122453000.0, 0.00081663], [122451000.0, 0.01051923], [122450000.0, 0.77882808], [122449000.0, 0.0174764], [122445000.0, 0.01621922], [122444000.0, 0.01814868]], "asks": [[122500000.0, 0.47240748], [122501000.0, 0.04825582], [122503000.0, 0.01], [122507000.0, 0.00370065], [122514000.0, 0.00018], [122526000.0, 0.01882113], [122527000.0, 0.04009024], [122553000.0, 0.03883742], [122557000.0, 0.0362898], [122571000.0, 0.009]]},
{"timestamp": 1743938563504, "bids": [[122489000.0, 1.824e-05], [122488000.0, 0.00981954], [122486000.0, 0.18108126], [122485000.0, 0.00016328], [122453000.0, 0.00081663], [122451000.0, 0.01051923], [122450000.0, 0.77882808], [122449000.0, 0.0174764], [122445000.0, 0.01621922], [122444000.0, 0.01814868]], "asks": [[122500000.0, 0.47240748], [122501000.0, 0.04825582], [122503000.0, 0.01], [122507000.0, 0.00370065], [122514000.0, 0.00018], [122526000.0, 0.01882113], [122527000.0, 0.04009024], [122553000.0, 0.03883742], [122571000.0, 0.009], [122573000.0, 0.428807]]},
{"timestamp": 1743938563604, "bids": [[122489000.0, 1.824e-05], [122488000.0, 0.00981954], [122486000.0, 0.18108126], [122485000.0, 0.00016328], [122453000.0, 0.00081663], [122451000.0, 0.01051923], [122450000.0, 0.77882808], [122449000.0, 0.0174764], [122445000.0, 0.01621922], [122444000.0, 0.01814868]], "asks": [[122500000.0, 0.27287603], [122501000.0, 0.04825582], [122503000.0, 0.01], [122507000.0, 0.00370065], [122514000.0, 0.00018], [122526000.0, 0.01882113], [122527000.0, 0.04009024], [122553000.0, 0.03883742], [122573000.0, 0.428807], [122578000.0, 0.00906]]},
{"timestamp": 1743938563704, "bids": [[122489000.0, 1.824e-05], [122488000.0, 0.00981954], [122486000.0, 0.18108126], [122485000.0, 0.00016328], [122453000.0, 0.00081663], [122451000.0, 0.01051923], [122450000.0, 0.77882808], [122449000.0, 0.0174764], [122445000.0, 0.01621922], [122444000.0, 0.01814868]], "asks": [[122500000.0, 0.27287603], [122501000.0, 0.04825582], [122503000.0, 0.01], [122507000.0, 0.00370065], [122514000.0, 0.00018], [122526000.0, 0.01882113], [122527000.0, 0.04009024], [122553000.0, 0.03883742], [122567000.0, 0.0362858], [122573000.0, 0.428807]]},
{"timestamp": 1743938564004, "bids": [[122489000.0, 1.824e-05], [122488000.0, 0.00981954], [122486000.0, 0.18108126], [122485000.0, 0.00016328], [122453000.0, 0.00081663], [122451000.0, 0.01051923], [122450000.0, 0.77882808], [122449000.0, 0.0174764], [122445000.0, 0.01621922], [122444000.0, 0.01814868]], "asks": [[122500000.0, 0.27287603], [122501000.0, 0.04825582], [122503000.0, 0.01], [122507000.0, 0.00370065], [122514000.0, 0.00018], [122526000.0, 0.01882113], [122527000.0, 0.04009024], [122553000.0, 0.03883742], [122567000.0, 0.0362858], [122578000.0, 0.00906]]},
{"timestamp": 1743938564404, "bids": [[122489000.0, 0.05713766], [122488000.0, 0.00981954], [122486000.0, 0.18108126], [122485000.0, 0.00016328], [122453000.0, 0.00081663], [122451000.0, 0.01051923], [122450000.0, 0.77882808], [122449000.0, 0.0174764], [122445000.0, 0.01621922], [122444000.0, 0.01814868]], "asks": [[122500000.0, 0.2714085], [122501000.0, 0.04825582], [122503000.0, 0.01], [122507000.0, 0.00370065], [122514000.0, 0.00018], [122526000.0, 0.01882113], [122527000.0, 0.04009024], [122553000.0, 0.03883742], [122567000.0, 0.0362858], [122587000.0, 0.0016315]]},
{"timestamp": 1743938564604, "bids": [[122489000.0, 0.05713766], [122488000.0, 0.00981954], [122486000.0, 0.18108126], [122485000.0, 0.00016328], [122453000.0, 0.00081663], [122451000.0, 0.01051923], [122450000.0, 0.77882808], [122449000.0, 0.0174764], [122445000.0, 0.01621922], [122444000.0, 0.01814868]], "asks": [[122500000.0, 0.2714085], [122501000.0, 0.04825582], [122503000.0, 0.01], [122507000.0, 0.00370065], [122514000.0, 0.00018], [122526000.0, 0.01882113], [122527000.0, 0.04009024], [122553000.0, 0.03883742], [122587000.0, 0.0016315], [122590000.0, 0.00408582]]},
{"timestamp": 1743938564804, "bids": [[122489000.0, 0.05713766], [122488000.0, 0.00981954], [122486000.0, 0.18108126], [122485000.0, 0.00016328], [122453000.0, 0.00081663], [122451000.0, 0.01051923], [122450000.0, 0.77882808], [122449000.0, 0.0174764], [122445000.0, 0.01621922], [122444000.0, 0.01814868]], "asks": [[122500000.0, 0.2714085], [122501000.0, 0.04825582], [122503000.0, 0.01], [122507000.0, 0.00370065], [122514000.0, 0.00018], [122526000.0, 0.01882113], [122527000.0, 0.04009024], [122553000.0, 0.03883742], [122567000.0, 0.0362858], [122587000.0, 0.0016315]]},
{"timestamp": 1743938564904, "bids": [[122494000.0, 8.163e-05], [122489000.0, 0.05713766], [122488000.0, 0.00981954], [122486000.0, 0.18108126], [122485000.0, 0.00016328], [122453000.0, 0.00081663], [122451000.0, 0.01051923], [122450000.0, 0.77882808], [122449000.0, 0.0174764], [122445000.0, 0.01621922]], "asks": [[122500000.0, 0.2714085], [122501000.0, 0.04825582], [122503000.0, 0.01], [122507000.0, 0.00370065], [122514000.0, 0.00018], [122526000.0, 0.01882113], [122527000.0, 0.04009024], [122553000.0, 0.03883742], [122567000.0, 0.0362858], [122587000.0, 0.0016315]]},
{"timestamp": 1743938565004, "bids": [[122494000.0, 8.163e-05], [122489000.0, 0.05713766], [122488000.0, 0.00981954], [122486000.0, 0.18108126], [122485000.0, 0.00016328], [122453000.0, 0.00081663], [122451000.0, 0.01051923], [122450000.0, 0.77882808], [122449000.0, 0.0174764], [122445000.0, 0.01621922]], "asks": [[122500000.0, 0.2714085], [122501000.0, 0.04825582], [122503000.0, 0.01], [122507000.0, 0.00370065], [122514000.0, 0.00018], [122526000.0, 0.01882113], [122527000.0, 0.04009024], [122553000.0, 0.03883742], [122567000.0, 0.0362858], [122587000.0, 0.0016315]]},
{"timestamp": 1743938565304, "bids": [[122494000.0, 8.163e-05], [122489000.0, 0.05713766], [122488000.0, 0.00981954], [122486000.0, 0.18108126], [122485000.0, 0.00016328], [122453000.0, 0.00081663], [122451000.0, 0.01051923], [122450000.0, 0.77882808], [122449000.0, 0.0174764], [122445000.0, 0.01621922]], "asks": [[122500000.0, 0.26443417], [122501000.0, 0.04825582], [122503000.0, 0.01], [122507000.0, 0.00370065], [122514000.0, 0.00018], [122526000.0, 0.01882113], [122527000.0, 0.04009024], [122553000.0, 0.03883742], [122567000.0, 0.0362858], [122587000.0, 0.0016315]]},
{"timestamp": 1743938565704, "bids": [[122494000.0, 8.163e-05], [122489000.0, 0.05713766], [122488000.0, 0.00981954], [122486000.0, 0.18108126], [122485000.0, 0.00016328], [122453000.0, 0.00081663], [122451000.0, 0.01051923], [122450000.0, 0.77882808], [122449000.0, 0.0174764], [122445000.0, 0.01621922]], "asks": [[122500000.0, 0.26443417], [122501000.0, 0.04825582], [122503000.0, 0.01], [122507000.0, 0.00370065], [122514000.0, 0.00018], [122526000.0, 0.01882113], [122527000.0, 0.04009024], [122553000.0, 0.03883742], [122587000.0, 0.0016315], [122589000.0, 0.01008]]},
{"timestamp": 1743938565904, "bids": [[122494000.0, 8.163e-05], [122489000.0, 0.05713766], [122488000.0, 0.00981954], [122486000.0, 0.18108126], [122485000.0, 0.00016328], [122453000.0, 0.00081663], [122451000.0, 0.01051923], [122450000.0, 0.77882808], [122449000.0, 0.0174764], [122445000.0, 0.01621922]], "asks": [[122500000.0, 0.26443417], [122501000.0, 0.04825582], [122503000.0, 0.01], [122507000.0, 0.00370065], [122514000.0, 0.00018], [122526000.0, 0.01882113], [122527000.0, 0.04009024], [122553000.0, 0.03883742], [122567000.0, 0.0362858], [122587000.0, 0.0016315]]},
{"timestamp": 1743938566804, "bids": [[122494000.0, 8.163e-05], [122489000.0, 0.05713766], [122488000.0, 0.00986077], [122486000.0, 0.18108126], [122485000.0, 0.00016328], [122453000.0, 0.00081663], [122451000.0, 0.01051923], [122450000.0, 0.77882808], [122449000.0, 0.0174764], [122445000.0, 0.01621922]], "asks": [[122500000.0, 0.26443417], [122501000.0, 0.04825582], [122503000.0, 0.01], [122507000.0, 0.00370065], [122514000.0, 0.00018], [122526000.0, 0.01882113], [122527000.0, 0.04009024], [122553000.0, 0.03883742], [122567000.0, 0.0362858], [122587000.0, 0.0016315]]},
{"timestamp": 1743938566904, "bids": [[122494000.0, 8.163e-05], [122489000.0, 0.05713766], [122488000.0, 0.00986077], [122486000.0, 0.18108126], [122485000.0, 0.00016328], [122453000.0, 0.00081663], [122451000.0, 0.01051923], [122450000.0, 0.77882808], [122449000.0, 0.0174764], [122445000.0, 0.01621922]], "asks": [[122500000.0, 0.26443417], [122501000.0, 0.04825582], [122503000.0, 0.01], [122507000.0, 0.00370065], [122514000.0, 0.00018], [122526000.0, 0.01882113], [122527000.0, 0.04009024], [122553000.0, 0.03883742], [122567000.0, 0.0362858], [122587000.0, 0.0016315]]},
{"timestamp": 1743938567004, "bids": [[122494000.0, 8.163e-05], [122489000.0, 0.15713766], [122488000.0, 0.00986077], [122486000.0, 0.18108126], [122485000.0, 0.00016328], [122453000.0, 0.00081663], [122451000.0, 0.01051923], [122450000.0, 0.77882808], [122449000.0, 0.0174764], [122445000.0, 0.01621922]], "asks": [[122500000.0, 0.26443417], [122501000.0, 0.04825582], [122503000.0, 0.01], [122507000.0, 0.00370065], [122514000.0, 0.00018], [122526000.0, 0.01882113], [122527000.0, 0.04009024], [122553000.0, 0.03883742], [122567000.0, 0.0362858], [122587000.0, 0.0016315]]},
{"timestamp": 1743938567204, "bids": [[122494000.0, 8.163e-05], [122489000.0, 0.15713766], [122488000.0, 0.00986077], [122486000.0, 0.18108126], [122485000.0, 0.00016328], [122453000.0, 0.00081663], [122451000.0, 0.01051923], [122450000.0, 0.77882808], [122449000.0, 0.0174764], [122445000.0, 0.01621922]], "asks": [[122500000.0, 0.26443417], [122501000.0, 0.04825582], [122503000.0, 0.01], [122507000.0, 0.00370065], [122514000.0, 0.00018], [122526000.0, 0.01882113], [122527000.0, 0.04009024], [122553000.0, 0.03883742], [122567000.0, 0.0362858], [122587000.0, 0.0016315]]},
{"timestamp": 1743938568004, "bids": [[122494000.0, 8.163e-05], [122489000.0, 0.15713766], [122488000.0, 0.00986077], [122486000.0, 0.18108126], [122485000.0, 0.00016328], [122453000.0, 0.00081663], [122451000.0, 0.01051923], [122450000.0, 0.77882808], [122449000.0, 0.0174764], [122445000.0, 0.01621922]], "asks": [[122500000.0, 0.25543417], [122501000.0, 0.04825582], [122503000.0, 0.01], [122507000.0, 0.00370065], [122514000.0, 0.00018], [122526000.0, 0.01882113], [122527000.0, 0.04009024], [122553000.0, 0.03883742], [122587000.0, 0.0016315], [122589000.0, 0.01008]]},
{"timestamp": 1743938568104, "bids": [[122494000.0, 0.00016326], [122489000.0, 0.15713766], [122488000.0, 0.00986077], [122486000.0, 0.18108126], [122485000.0, 0.00016328], [122453000.0, 0.00081663], [122451000.0, 0.01051923], [122450000.0, 0.77882808], [122449000.0, 0.0174764], [122445000.0, 0.01621922]], "asks": [[122500000.0, 0.25543417], [122501000.0, 0.04825582], [122503000.0, 0.01], [122507000.0, 0.00370065], [122514000.0, 0.00018], [122526000.0, 0.01882113], [122527000.0, 0.04009024], [122553000.0, 0.03883742], [122580000.0, 0.0362858], [122587000.0, 0.0016315]]},
{"timestamp": 1743938569004, "bids": [[122494000.0, 0.00016326], [122489000.0, 0.15713766], [122488000.0, 0.00986077], [122486000.0, 0.18108126], [122485000.0, 0.00016328], [122453000.0, 0.00081663], [122451000.0, 0.01051923], [122450000.0, 0.77882808], [122449000.0, 0.0174764], [122445000.0, 0.01621922]], "asks": [[122500000.0, 0.25616947], [122501000.0, 0.04825582], [122503000.0, 0.01], [122507000.0, 0.00370065], [122514000.0, 0.00018], [122526000.0, 0.01882113], [122527000.0, 0.04009024], [122553000.0, 0.03883742], [122580000.0, 0.0362858], [122587000.0, 0.0016315]]},
{"timestamp": 1743938569104, "bids": [[122494000.0, 0.00016326], [122489000.0, 0.15713766], [122488000.0, 0.00986077], [122486000.0, 0.18108126], [122485000.0, 0.00016328], [122453000.0, 0.00081663], [122451000.0, 0.01051923], [122450000.0, 0.77882808], [122449000.0, 0.0174764], [122445000.0, 0.01621922]], "asks": [[122500000.0, 0.25616947], [122501000.0, 0.04825582], [122503000.0, 0.01], [122507000.0, 0.00370065], [122514000.0, 0.00018], [122526000.0, 0.01882113], [122527000.0, 0.04009024], [122553000.0, 0.03883742], [122587000.0, 0.0016315], [122589000.0, 0.01008]]},
{"timestamp": 1743938569304, "bids": [[122494000.0, 0.00016326], [122489000.0, 0.15713766], [122488000.0, 0.00986077], [122486000.0, 0.18108126], [122485000.0, 0.00016328], [122453000.0, 0.00081663], [122451000.0, 0.01051923], [122450000.0, 0.77882808], [122449000.0, 0.0174764], [122445000.0, 0.01621922]], "asks": [[122500000.0, 0.25616947], [122501000.0, 0.04825582], [122503000.0, 0.01], [122507000.0, 0.00370065], [122514000.0, 0.00018], [122526000.0, 0.01882113], [122527000.0, 0.04009024], [122553000.0, 0.03883742], [122581000.0, 0.0362858], [122587000.0, 0.0016315]]},
{"timestamp": 1743938570204, "bids": [[122494000.0, 0.00016326], [122489000.0, 0.15713766], [122488000.0, 0.00986077], [122486000.0, 0.18108126], [122485000.0, 0.00016328], [122453000.0, 0.00081663], [122451000.0, 0.01051923], [122450000.0, 0.77882808], [122449000.0, 0.0174764], [122445000.0, 0.01621922]], "asks": [[122500000.0, 0.25616947], [122501000.0, 0.04825582], [122503000.0, 0.01], [122507000.0, 0.00370065], [122514000.0, 0.00018], [122526000.0, 0.01882113], [122527000.0, 0.04009024], [122553000.0, 0.03883742], [122587000.0, 0.0016315], [122589000.0, 0.01008]]},
{"timestamp": 1743938570404, "bids": [[122494000.0, 0.00016326], [122489000.0, 0.15713766], [122488000.0, 0.00986077], [122486000.0, 0.18108126], [122485000.0, 0.00016328], [122453000.0, 0.00081663], [122451000.0, 0.01051923], [122450000.0, 0.77882808], [122449000.0, 0.0174764], [122445000.0, 0.01621922]], "asks": [[122500000.0, 0.25616947], [122501000.0, 0.04825582], [122503000.0, 0.01], [122507000.0, 0.00370065], [122514000.0, 0.00018], [122526000.0, 0.01882113], [122527000.0, 0.04009024], [122553000.0, 0.03883742], [122567000.0, 0.0362858], [122587000.0, 0.0016315]]},
{"timestamp": 1743938570504, "bids": [[122494000.0, 0.00016326], [122489000.0, 0.15713766], [122488000.0, 0.00986077], [122486000.0, 0.18108126], [122485000.0, 0.00016328], [122453000.0, 0.00081663], [122451000.0, 0.01051923], [122450000.0, 0.77882808], [122449000.0, 0.0174764], [122445000.0, 0.01621922]], "asks": [[122500000.0, 0.25616947], [122501000.0, 0.04825582], [122503000.0, 0.01], [122507000.0, 0.00370065], [122514000.0, 0.00018], [122526000.0, 0.01882113], [122527000.0, 0.04009024], [122553000.0, 0.03883742], [122567000.0, 0.0362858], [122587000.0, 0.0016315]]},
{"timestamp": 1743938570804, "bids": [[122494000.0, 0.00016326], [122489000.0, 0.15713766], [122488000.0, 0.00986077], [122486000.0, 0.18108126], [122485000.0, 0.00016328], [122453000.0, 0.00081663], [122451000.0, 0.01051923], [122450000.0, 0.77882808], [122449000.0, 0.0174764], [122445000.0, 0.01621922]], "asks": [[122500000.0, 0.25616947], [122501000.0, 0.04825582], [122503000.0, 0.01], [122507000.0, 0.00370065], [122514000.0, 0.00018], [122526000.0, 0.01882113], [122527000.0, 0.04009024], [122553000.0, 0.03883742], [122567000.0, 0.0362858], [122587000.0, 0.0016315]]},
{"timestamp": 1743938571104, "bids": [[122494000.0, 0.00016326], [122489000.0, 0.15713766], [122488000.0, 0.00986077], [122486000.0, 0.18108126], [122485000.0, 0.00016328], [122453000.0, 0.00081663], [122451000.0, 0.01051923], [122450000.0, 0.77882808], [122449000.0, 0.0174764], [122445000.0, 0.01621922]], "asks": [[122500000.0, 0.25616947], [122501000.0, 0.04825582], [122503000.0, 0.01], [122507000.0, 0.00370065], [122514000.0, 0.00018], [122526000.0, 0.01882113], [122527000.0, 0.04009024], [122553000.0, 0.03883742], [122567000.0, 0.0362858], [122587000.0, 0.0016315]]},
{"timestamp": 1743938571404, "bids": [[122494000.0, 0.00016326], [122489000.0, 0.15713766], [122488000.0, 0.00986077], [122486000.0, 0.18108126], [122485000.0, 0.00016328], [122453000.0, 0.00081663], [122451000.0, 0.01051923], [122450000.0, 0.77882808], [122449000.0, 0.0174764], [122445000.0, 0.01621922]], "asks": [[122500000.0, 0.25616947], [122501000.0, 0.04825582], [122503000.0, 0.01], [122507000.0, 0.00370065], [122514000.0, 0.00018], [122526000.0, 0.01882113], [122527000.0, 0.04009024], [122553000.0, 0.03883742], [122587000.0, 0.0016315], [122589000.0, 0.01008]]},
{"timestamp": 1743938571504, "bids": [[122494000.0, 0.00016326], [122489000.0, 0.15713766], [122488000.0, 0.00986077], [122486000.0, 0.18108126], [122485000.0, 0.00016328], [122453000.0, 0.00081663], [122451000.0, 0.01051923], [122450000.0, 0.77882808], [122449000.0, 0.0174764], [122445000.0, 0.01621922]], "asks": [[122500000.0, 0.25616947], [122501000.0, 0.04825582], [122503000.0, 0.01], [122507000.0, 0.00370065], [122514000.0, 0.00018], [122526000.0, 0.01882113], [122527000.0, 0.04009024], [122553000.0, 0.03883742], [122568000.0, 0.03628554], [122587000.0, 0.0016315]]},
{"timestamp": 1743938571804, "bids": [[122494000.0, 0.00016326], [122489000.0, 0.15713766], [122488000.0, 0.00986077], [122486000.0, 0.18108126], [122485000.0, 0.00016328], [122453000.0, 0.00081663], [122451000.0, 0.01051923], [122450000.0, 0.77882808], [122449000.0, 0.0174764], [122445000.0, 0.01621922]], "asks": [[122500000.0, 0.25616947], [122501000.0, 0.04825582], [122503000.0, 0.01], [122507000.0, 0.00370065], [122514000.0, 0.00018], [122526000.0, 0.01882113], [122527000.0, 0.04009024], [122553000.0, 0.03883742], [122568000.0, 0.03628554], [122587000.0, 0.0016315]]},
{"timestamp": 1743938572104, "bids": [[122494000.0, 0.00016326], [122489000.0, 0.15713766], [122488000.0, 0.00986077], [122486000.0, 0.18108126], [122485000.0, 0.00016328], [122453000.0, 0.00081663], [122451000.0, 0.01051923], [122450000.0, 0.77882808], [122449000.0, 0.0174764], [122445000.0, 0.01621922]], "asks": [[122500000.0, 0.25616947], [122501000.0, 0.04825582], [122503000.0, 0.01], [122507000.0, 0.00370065], [122514000.0, 0.00018], [122526000.0, 0.01882113], [122527000.0, 0.04009024], [122553000.0, 0.03883742], [122568000.0, 0.03628554], [122587000.0, 0.0016315]]},
{"timestamp": 1743938572204, "bids": [[122494000.0, 0.00016326], [122489000.0, 0.15713766], [122488000.0, 0.00986077], [122486000.0, 0.18108126], [122485000.0, 0.00016328], [122453000.0, 0.00081663], [122451000.0, 0.01051923], [122450000.0, 0.77882808], [122449000.0, 0.0174764], [122445000.0, 0.01621922]], "asks": [[122500000.0, 0.25616947], [122501000.0, 0.04825582], [122503000.0, 0.01], [122507000.0, 0.00370065], [122514000.0, 0.00018], [122526000.0, 0.01882113], [122527000.0, 0.04009024], [122553000.0, 0.03883742], [122568000.0, 0.03628554], [122587000.0, 0.0016315]]},
{"timestamp": 1743938572304, "bids": [[122494000.0, 0.00016326], [122489000.0, 0.15713766], [122488000.0, 0.00986077], [122486000.0, 0.18108126], [122485000.0, 0.00016328], [122453000.0, 0.00081663], [122451000.0, 0.01051923], [122450000.0, 0.77882808], [122449000.0, 0.0174764], [122445000.0, 0.01621922]], "asks": [[122500000.0, 0.25616947], [122501000.0, 0.04825582], [122503000.0, 0.01], [122507000.0, 0.00370065], [122514000.0, 0.00018], [122526000.0, 0.01882113], [122527000.0, 0.04009024], [122553000.0, 0.03883742], [122568000.0, 0.03628554], [122587000.0, 0.0016315]]},
{"timestamp": 1743938572504, "bids": [[122494000.0, 0.00016326], [122489000.0, 0.15713766], [122488000.0, 0.00986077], [122486000.0, 0.18108126], [122485000.0, 0.00016328], [122453000.0, 0.00081663], [122451000.0, 0.01051923], [122450000.0, 0.77882808], [122449000.0, 0.0174764], [122445000.0, 0.01621922]], "asks": [[122500000.0, 0.254456], [122501000.0, 0.04825582], [122503000.0, 0.01], [122507000.0, 0.00370065], [122514000.0, 0.00018], [122526000.0, 0.01882113], [122527000.0, 0.04009024], [122553000.0, 0.03883742], [122568000.0, 0.03628554], [122587000.0, 0.0016315]]},
{"timestamp": 1743938572704, "bids": [[122494000.0, 0.00016326], [122489000.0, 0.15713766], [122488000.0, 0.00986077], [122486000.0, 0.18108126], [122485000.0, 0.00016328], [122453000.0, 0.00081663], [122451000.0, 0.01051923], [122450000.0, 0.77882808], [122449000.0, 0.0174764], [122445000.0, 0.01621922]], "asks": [[122498000.0, 0.00012245], [122500000.0, 0.254456], [122501000.0, 0.04825582], [122503000.0, 0.01], [122507000.0, 0.00370065], [122514000.0, 0.00018], [122526000.0, 0.01882113], [122527000.0, 0.04009024], [122553000.0, 0.03883742], [122568000.0, 0.03628554]]},
{"timestamp": 1743938572904, "bids": [[122494000.0, 0.00016326], [122489000.0, 0.15713766], [122488000.0, 0.00986077], [122486000.0, 0.18108126], [122485000.0, 0.00016328], [122453000.0, 0.00081663], [122451000.0, 0.01051923], [122450000.0, 0.77882808], [122449000.0, 0.0174764], [122445000.0, 0.01621922]], "asks": [[122498000.0, 7.347e-05], [122500000.0, 0.254456], [122501000.0, 0.04825582], [122503000.0, 0.01], [122507000.0, 0.00370065], [122514000.0, 0.00018], [122526000.0, 0.01882113], [122527000.0, 0.04009024], [122553000.0, 0.03883742], [122568000.0, 0.03628554]]},
{"timestamp": 1743938573404, "bids": [[122494000.0, 0.00016326], [122489000.0, 0.15713766], [122488000.0, 0.00986077], [122486000.0, 0.18108126], [122485000.0, 0.00016328], [122453000.0, 0.00081663], [122451000.0, 0.01051923], [122450000.0, 0.77882808], [122449000.0, 0.0174764], [122445000.0, 0.01621922]], "asks": [[122498000.0, 7.347e-05], [122500000.0, 0.28723313], [122501000.0, 0.04825582], [122503000.0, 0.01], [122507000.0, 0.00370065], [122514000.0, 0.00018], [122526000.0, 0.01882113], [122527000.0, 0.04009024], [122553000.0, 0.03883742], [122568000.0, 0.03628554]]},
{"timestamp": 1743938575204, "bids": [[122494000.0, 0.00016326], [122489000.0, 0.15713766], [122488000.0, 0.00986077], [122486000.0, 0.18108126], [122485000.0, 0.00016328], [122453000.0, 0.00081663], [122451000.0, 0.01051923], [122450000.0, 0.77882808], [122449000.0, 0.0174764], [122445000.0, 0.01621922]], "asks": [[122500000.0, 0.28722497], [122501000.0, 0.04825582], [122503000.0, 0.01], [122507000.0, 0.00370065], [122514000.0, 0.00018], [122526000.0, 0.01882113], [122527000.0, 0.04009024], [122553000.0, 0.03883742], [122568000.0, 0.03628554], [122587000.0, 0.0016315]]},
{"timestamp": 1743938575504, "bids": [[122494000.0, 0.00016326], [122489000.0, 0.15713766], [122488000.0, 0.00986077], [122486000.0, 0.18108126], [122485000.0, 0.00024491], [122453000.0, 0.00081663], [122451000.0, 0.01051923], [122450000.0, 0.77882808], [122449000.0, 0.0174764], [122445000.0, 0.01621922]], "asks": [[122500000.0, 0.28722497], [122501000.0, 0.04825582], [122503000.0, 0.01], [122507000.0, 0.00370065], [122514000.0, 0.00018], [122526000.0, 0.01882113], [122527000.0, 0.04009024], [122553000.0, 0.03883742], [122568000.0, 0.03628554], [122587000.0, 0.0016315]]},
{"timestamp": 1743938575604, "bids": [[122494000.0, 0.00024489], [122489000.0, 0.15713766], [122488000.0, 0.00986077], [122486000.0, 0.18108126], [122485000.0, 0.00024491], [122453000.0, 0.00081663], [122451000.0, 0.01051923], [122450000.0, 0.77882808], [122449000.0, 0.0174764], [122445000.0, 0.01621922]], "asks": [[122500000.0, 0.28722497], [122501000.0, 0.04825582], [122503000.0, 0.01], [122507000.0, 0.00370065], [122514000.0, 0.00018], [122526000.0, 0.01882113], [122527000.0, 0.04009024], [122553000.0, 0.03883742], [122568000.0, 0.03628554], [122587000.0, 0.0016315]]},
{"timestamp": 1743938576504, "bids": [[122494000.0, 0.00024489], [122489000.0, 0.15713766], [122488000.0, 0.00986077], [122486000.0, 0.18108126], [122485000.0, 0.00024491], [122453000.0, 0.00081663], [122451000.0, 0.01051923], [122450000.0, 0.795147], [122449000.0, 0.0174764], [122445000.0, 0.01621922]], "asks": [[122500000.0, 0.28722497], [122501000.0, 0.04825582], [122503000.0, 0.01], [122507000.0, 0.00370065], [122514000.0, 0.00018], [122526000.0, 0.01882113], [122527000.0, 0.04009024], [122553000.0, 0.03883742], [122568000.0, 0.03628554], [122587000.0, 0.0016315]]},
{"timestamp": 1743938577504, "bids": [[122494000.0, 0.00024489], [122489000.0, 0.15713766], [122488000.0, 0.00986077], [122486000.0, 0.18108126], [122485000.0, 0.00024491], [122453000.0, 0.00081663], [122451000.0, 0.01051923], [122450000.0, 0.795147], [122449000.0, 0.0174764], [122445000.0, 0.01621922]], "asks": [[122500000.0, 0.28722497], [122501000.0, 0.04825582], [122503000.0, 0.01], [122507000.0, 0.00370065], [122514000.0, 0.00018], [122526000.0, 0.01882113], [122527000.0, 0.04009024], [122553000.0, 0.03883742], [122568000.0, 0.03628554], [122587000.0, 0.0016315]]},
{"timestamp": 1743938577704, "bids": [[122494000.0, 0.00024489], [122489000.0, 0.15713766], [122488000.0, 0.00986077], [122486000.0, 0.18108126], [122485000.0, 0.00024491], [122453000.0, 0.00081663], [122451000.0, 0.01051923], [122450000.0, 0.795147], [122449000.0, 0.0174764], [122445000.0, 0.01621922]], "asks": [[122500000.0, 0.28722497], [122501000.0, 0.04825582], [122503000.0, 0.01], [122507000.0, 0.00370065], [122514000.0, 0.00018], [122526000.0, 0.01882113], [122527000.0, 0.04009024], [122553000.0, 0.03883742], [122587000.0, 0.0016315], [122589000.0, 0.01008]]},
{"timestamp": 1743938577904, "bids": [[122494000.0, 0.00024489], [122489000.0, 0.15713766], [122488000.0, 0.00986077], [122486000.0, 0.18108126], [122485000.0, 0.00024491], [122453000.0, 0.00081663], [122451000.0, 0.01051923], [122450000.0, 0.795147], [122449000.0, 0.0174764], [122445000.0, 0.01621922]], "asks": [[122500000.0, 0.28714334], [122501000.0, 0.04825582], [122503000.0, 0.01], [122507000.0, 0.00370065], [122514000.0, 0.00018], [122526000.0, 0.01882113], [122527000.0, 0.04009024], [122553000.0, 0.03883742], [122570000.0, 0.03628449], [122587000.0, 0.0016315]]},
{"timestamp": 1743938578304, "bids": [[122494000.0, 0.00024489], [122489000.0, 0.15713766], [122488000.0, 0.00986077], [122486000.0, 0.18108126], [122485000.0, 0.00024491], [122453000.0, 0.00081663], [122451000.0, 0.01051923], [122450000.0, 0.795147], [122449000.0, 0.0174764], [122445000.0, 0.01621922]], "asks": [[122500000.0, 0.23787795], [122501000.0, 0.04825582], [122503000.0, 0.01], [122507000.0, 0.00370065], [122514000.0, 0.00018], [122526000.0, 0.01882113], [122527000.0, 0.04009024], [122553000.0, 0.03883742], [122570000.0, 0.03628449], [122587000.0, 0.0016315]]},
{"timestamp": 1743938578604, "bids": [[122498000.0, 0.005], [122494000.0, 0.00024489], [122489000.0, 0.15713766], [122488000.0, 0.00986077], [122486000.0, 0.18108126], [122485000.0, 0.00024491], [122453000.0, 0.00081663], [122451000.0, 0.01051923], [122450000.0, 0.795147], [122449000.0, 0.0174764]], "asks": [[122500000.0, 0.23787795], [122501000.0, 0.04825582], [122503000.0, 0.01], [122507000.0, 0.00370065], [122514000.0, 0.00018], [122526000.0, 0.01882113], [122527000.0, 0.04009024], [122553000.0, 0.03883742], [122570000.0, 0.03628449], [122587000.0, 0.0016315]]},
{"timestamp": 1743938579704, "bids": [[122498000.0, 0.0042], [122494000.0, 0.00024489], [122489000.0, 0.15713766], [122488000.0, 0.00986077], [122486000.0, 0.18108126], [122485000.0, 0.00024491], [122453000.0, 0.00081663], [122451000.0, 0.01051923], [122450000.0, 0.795147], [122449000.0, 0.0174764]], "asks": [[122500000.0, 0.12787795], [122501000.0, 0.04825582], [122503000.0, 0.01], [122507000.0, 0.00370065], [122514000.0, 0.00018], [122526000.0, 0.01882113], [122527000.0, 0.04009024], [122553000.0, 0.03883742], [122570000.0, 0.03628449], [122587000.0, 0.0016315]]},
{"timestamp": 1743938579904, "bids": [[122499000.0, 0.00943911], [122498000.0, 0.0042], [122494000.0, 0.00024489], [122489000.0, 0.15713766], [122488000.0, 0.00986077], [122486000.0, 0.18108126], [122485000.0, 0.00024491], [122453000.0, 0.00081663], [122451000.0, 0.01051923], [122450000.0, 0.795147]], "asks": [[122500000.0, 0.12787795], [122501000.0, 0.04825582], [122503000.0, 0.01], [122507000.0, 0.00370065], [122514000.0, 0.00018], [122526000.0, 0.01882113], [122527000.0, 0.04009024], [122553000.0, 0.03883742], [122587000.0, 0.0016315], [122589000.0, 0.01008]]},
{"timestamp": 1743938580004, "bids": [[122499000.0, 0.00943911], [122498000.0, 0.0042], [122494000.0, 0.00024489], [122489000.0, 0.15713766], [122488000.0, 0.00986077], [122486000.0, 0.18108126], [122485000.0, 0.00024491], [122453000.0, 0.00081663], [122451000.0, 0.01051923], [122450000.0, 0.795147]], "asks": [[122500000.0, 0.03476401], [122501000.0, 0.04825582], [122503000.0, 0.01], [122507000.0, 0.00370065], [122514000.0, 0.00018], [122526000.0, 0.01882113], [122527000.0, 0.04009024], [122553000.0, 0.03883742], [122587000.0, 0.0016315], [122589000.0, 0.01008]]},
{"timestamp": 1743938580104, "bids": [[122498000.0, 0.0042], [122494000.0, 0.00024489], [122489000.0, 0.15713766], [122488000.0, 0.00986077], [122486000.0, 0.18108126], [122485000.0, 0.00024491], [122453000.0, 0.00081663], [122451000.0, 0.01051923], [122450000.0, 0.795147], [122449000.0, 0.0174764]], "asks": [[122514000.0, 0.00018], [122526000.0, 0.01882113], [122527000.0, 0.04009024], [122553000.0, 0.03883742], [122576000.0, 0.00943911], [122587000.0, 0.0016315], [122590000.0, 0.00408582], [122597000.0, 0.00906], [122599000.0, 0.0259083], [122600000.0, 0.04694895]]},
{"timestamp": 1743938580204, "bids": [[122498000.0, 0.00428159], [122494000.0, 0.00024489], [122489000.0, 0.15713766], [122488000.0, 0.00986077], [122486000.0, 0.18108126], [122485000.0, 0.00024491], [122453000.0, 0.00081663], [122451000.0, 0.01051923], [122450000.0, 0.795147], [122449000.0, 0.0174764]], "asks": [[122514000.0, 0.00018], [122526000.0, 0.01882113], [122527000.0, 0.04009024], [122553000.0, 0.03883742], [122576000.0, 0.00943911], [122587000.0, 0.0016315], [122590000.0, 0.00408582], [122599000.0, 0.0259083], [122600000.0, 0.04694895], [122604000.0, 0.08991]]},
{"timestamp": 1743938580304, "bids": [[122498000.0, 0.00428159], [122494000.0, 0.00024489], [122489000.0, 0.15713766], [122488000.0, 0.00986077], [122486000.0, 0.18108126], [122485000.0, 0.00024491], [122453000.0, 0.00081663], [122451000.0, 0.01051923], [122450000.0, 0.795147], [122449000.0, 0.0174764]], "asks": [[122526000.0, 0.0180454], [122527000.0, 0.04009024], [122553000.0, 0.03883742], [122576000.0, 0.00943911], [122587000.0, 0.0016315], [122590000.0, 0.00408582], [122599000.0, 0.0259083], [122600000.0, 0.04694895], [122604000.0, 0.08457], [122606000.0, 0.00373803]]},
{"timestamp": 1743938580404, "bids": [[122498000.0, 0.00364159], [122494000.0, 0.00024489], [122489000.0, 0.15713766], [122488000.0, 0.00986077], [122486000.0, 0.18108126], [122485000.0, 0.00024491], [122453000.0, 0.00081663], [122451000.0, 0.01051923], [122450000.0, 0.795147], [122449000.0, 0.0174764]], "asks": [[122526000.0, 0.0180454], [122527000.0, 0.04009024], [122553000.0, 0.03883742], [122576000.0, 0.00943911], [122587000.0, 0.0016315], [122590000.0, 0.00408582], [122599000.0, 0.0259083], [122600000.0, 0.04694895], [122606000.0, 0.00373803], [122614000.0, 0.00564]]},
{"timestamp": 1743938580504, "bids": [[122498000.0, 0.00364159], [122494000.0, 0.00024489], [122489000.0, 0.15713766], [122488000.0, 0.00986077], [122486000.0, 0.18108126], [122485000.0, 0.00024491], [122453000.0, 0.00081663], [122451000.0, 0.01051923], [122450000.0, 0.795147], [122449000.0, 0.0174764]], "asks": [[122526000.0, 0.0180454], [122527000.0, 0.04009024], [122553000.0, 0.03883742], [122576000.0, 0.00943911], [122587000.0, 0.0016315], [122590000.0, 0.00408582], [122599000.0, 0.0259083], [122600000.0, 0.04694895], [122606000.0, 0.00373803], [122614000.0, 0.00564]]},
{"timestamp": 1743938580804, "bids": [[122501000.0, 8.163e-05], [122498000.0, 0.00364159], [122494000.0, 0.00024489], [122489000.0, 0.15713766], [122488000.0, 0.00986077], [122486000.0, 0.18108126], [122485000.0, 0.00024491], [122453000.0, 0.00081663], [122451000.0, 0.01051923], [122450000.0, 0.795147]], "asks": [[122526000.0, 0.0180454], [122527000.0, 0.04009024], [122553000.0, 0.03883742], [122576000.0, 0.00943911], [122587000.0, 0.0016315], [122590000.0, 0.00408582], [122599000.0, 0.0259083], [122600000.0, 0.04694895], [122606000.0, 0.00373803], [122613000.0, 0.08654]]},
{"timestamp": 1743938580904, "bids": [[122501000.0, 8.163e-05], [122498000.0, 0.00364159], [122494000.0, 0.00024489], [122489000.0, 0.15713766], [122488000.0, 0.00986077], [122486000.0, 0.18108126], [122485000.0, 0.00024491], [122453000.0, 0.00081663], [122451000.0, 0.01051923], [122450000.0, 0.795147]], "asks": [[122553000.0, 0.03883742], [122576000.0, 0.00943911], [122587000.0, 0.0016315], [122590000.0, 0.00408582], [122599000.0, 0.0259083], [122600000.0, 0.04694895], [122606000.0, 0.00373803], [122613000.0, 0.08654], [122614000.0, 0.00564], [122616000.0, 2.1866805]]},
{"timestamp": 1743938581104, "bids": [[122501000.0, 8.163e-05], [122498000.0, 0.00364159], [122494000.0, 0.00024489], [122489000.0, 0.15713766], [122488000.0, 0.00986077], [122486000.0, 0.18108126], [122485000.0, 0.00024491], [122453000.0, 0.00081663], [122451000.0, 0.01051923], [122450000.0, 0.795147]], "asks": [[122553000.0, 0.03883742], [122587000.0, 0.0016315], [122590000.0, 0.00408582], [122599000.0, 0.0259083], [122600000.0, 0.04694895], [122606000.0, 0.00373803], [122614000.0, 0.00564], [122616000.0, 2.1866805], [122620000.0, 0.02442], [122627000.0, 0.15]]},
{"timestamp": 1743938581204, "bids": [[122501000.0, 8.163e-05], [122498000.0, 0.00364159], [122494000.0, 0.00024489], [122489000.0, 0.15713766], [122488000.0, 0.00986077], [122486000.0, 0.18108126], [122485000.0, 0.00024491], [122453000.0, 0.00081663], [122451000.0, 0.01051923], [122450000.0, 0.795147]], "asks": [[122553000.0, 0.03883742], [122585000.0, 0.00483711], [122587000.0, 0.0016315], [122590000.0, 0.00408582], [122599000.0, 0.0259083], [122600000.0, 0.04694895], [122606000.0, 0.00373803], [122614000.0, 0.00564], [122616000.0, 2.1866805], [122620000.0, 0.02442]]},
{"timestamp": 1743938581304, "bids": [[122501000.0, 8.163e-05], [122498000.0, 0.00364159], [122494000.0, 0.00024489], [122489000.0, 0.15713766], [122488000.0, 0.00986077], [122486000.0, 0.18108126], [122485000.0, 0.00024491], [122453000.0, 0.00081663], [122451000.0, 0.01051923], [122450000.0, 0.795147]], "asks": [[122553000.0, 0.03883742], [122585000.0, 0.00483711], [122587000.0, 0.0016315], [122590000.0, 0.00408582], [122599000.0, 0.0259083], [122600000.0, 0.04694895], [122606000.0, 0.00373803], [122614000.0, 0.00564], [122616000.0, 2.1866805], [122620000.0, 0.02442]]},
{"timestamp": 1743938581404, "bids": [[122501000.0, 8.163e-05], [122498000.0, 0.00364159], [122494000.0, 0.00024489], [122489000.0, 0.15713766], [122488000.0, 0.00986077], [122486000.0, 0.18108126], [122485000.0, 0.00024491], [122462000.0, 0.00978], [122453000.0, 0.00081663], [122451000.0, 0.01051923]], "asks": [[122553000.0, 0.03883742], [122585000.0, 0.00483711], [122587000.0, 0.0016315], [122590000.0, 0.00408582], [122599000.0, 0.0259083], [122600000.0, 0.04694895], [122606000.0, 0.00373803], [122614000.0, 0.00564], [122616000.0, 2.1866805], [122620000.0, 0.02442]]},
{"timestamp": 1743938581504, "bids": [[122501000.0, 8.163e-05], [122498000.0, 0.00364159], [122494000.0, 0.00024489], [122489000.0, 0.15713766], [122488000.0, 0.00986077], [122486000.0, 0.18108126], [122485000.0, 0.00024491], [122462000.0, 0.00978], [122453000.0, 0.00081663], [122451000.0, 0.01051923]], "asks": [[122553000.0, 0.03883742], [122585000.0, 0.00483711], [122587000.0, 0.0016315], [122590000.0, 0.00408582], [122599000.0, 0.0259083], [122600000.0, 0.04694895], [122606000.0, 0.00373803], [122614000.0, 0.00564], [122616000.0, 2.1866805], [122620000.0, 0.02442]]},
{"timestamp": 1743938582204, "bids": [[122501000.0, 8.163e-05], [122498000.0, 0.00364159], [122494000.0, 0.00024489], [122489000.0, 0.15713766], [122488000.0, 0.00986077], [122486000.0, 0.18108126], [122485000.0, 0.00024491], [122462000.0, 0.00978], [122453000.0, 0.00081663], [122451000.0, 0.01051923]], "asks": [[122553000.0, 0.03883742], [122587000.0, 0.0016315], [122590000.0, 0.00408582], [122599000.0, 0.0259083], [122600000.0, 0.04694895], [122606000.0, 0.00373803], [122614000.0, 0.00564], [122616000.0, 2.1866805], [122620000.0, 0.02442], [122623000.0, 0.00978]]},
{"timestamp": 1743938582404, "bids": [[122501000.0, 8.163e-05], [122498000.0, 0.00364159], [122494000.0, 0.00024489], [122489000.0, 0.15713766], [122488000.0, 0.00986077], [122486000.0, 0.18108126], [122485000.0, 0.00024491], [122462000.0, 0.00978], [122453000.0, 0.00081663], [122451000.0, 0.01051923]], "asks": [[122553000.0, 0.03883742], [122586000.0, 0.00483711], [122587000.0, 0.0016315], [122590000.0, 0.00408582], [122599000.0, 0.0259083], [122600000.0, 0.04694895], [122606000.0, 0.00373803], [122614000.0, 0.00564], [122616000.0, 2.1866805], [122620000.0, 0.02442]]},
{"timestamp": 1743938583304, "bids": [[122501000.0, 8.163e-05], [122498000.0, 0.00364159], [122494000.0, 0.00024489], [122489000.0, 0.15713766], [122488000.0, 0.00986077], [122486000.0, 0.18108126], [122485000.0, 0.00024491], [122462000.0, 0.00978], [122453000.0, 0.00081663], [122451000.0, 0.01051923]], "asks": [[122553000.0, 0.03883742], [122586000.0, 0.00483711], [122587000.0, 0.0016315], [122590000.0, 0.00408582], [122599000.0, 0.0259083], [122600000.0, 0.04694895], [122606000.0, 0.00373803], [122614000.0, 0.00564], [122616000.0, 2.1866805], [122620000.0, 0.02442]]},
{"timestamp": 1743938583404, "bids": [[122501000.0, 8.163e-05], [122500000.0, 8.125e-05], [122498000.0, 0.00364159], [122494000.0, 0.00024489], [122489000.0, 0.15713766], [122488000.0, 0.00986077], [122486000.0, 0.18108126], [122485000.0, 0.00024491], [122462000.0, 0.00978], [122453000.0, 0.00081663]], "asks": [[122553000.0, 0.03883742], [122586000.0, 0.00483711], [122587000.0, 0.0016315], [122590000.0, 0.00408582], [122599000.0, 0.0259083], [122600000.0, 0.04694895], [122606000.0, 0.00373803], [122614000.0, 0.00564], [122616000.0, 2.1866805], [122620000.0, 0.02442]]},
{"timestamp": 1743938583504, "bids": [[122501000.0, 8.163e-05], [122500000.0, 8.125e-05], [122498000.0, 0.00364159], [122494000.0, 0.00024489], [122489000.0, 0.15713766], [122488000.0, 0.00986077], [122486000.0, 0.18108126], [122485000.0, 0.00024491], [122462000.0, 0.00978], [122453000.0, 0.00081663]], "asks": [[122553000.0, 0.03883742], [122586000.0, 0.00483711], [122587000.0, 0.0016315], [122590000.0, 0.00408582], [122599000.0, 0.0259083], [122600000.0, 0.04694895], [122606000.0, 0.00373803], [122616000.0, 2.1866805], [122623000.0, 0.09494], [122627000.0, 0.15]]},
{"timestamp": 1743938584404, "bids": [[122501000.0, 8.163e-05], [122500000.0, 8.125e-05], [122498000.0, 0.00445792], [122494000.0, 0.00024489], [122489000.0, 0.15713766], [122488000.0, 0.00986077], [122486000.0, 0.18108126], [122485000.0, 0.00024491], [122462000.0, 0.00978], [122453000.0, 0.00081663]], "asks": [[122553000.0, 0.03883742], [122586000.0, 0.00483711], [122587000.0, 0.0016315], [122590000.0, 0.00408582], [122599000.0, 0.0259083], [122600000.0, 0.04694895], [122606000.0, 0.00373803], [122616000.0, 2.1866805], [122623000.0, 0.09494], [122627000.0, 0.15]]},
{"timestamp": 1743938584504, "bids": [[122506000.0, 8.162e-05], [122501000.0, 8.163e-05], [122500000.0, 8.125e-05], [122498000.0, 0.00445792], [122494000.0, 0.00024489], [122489000.0, 0.15713766], [122488000.0, 0.00986077], [122486000.0, 0.18108126], [122485000.0, 0.00024491], [122462000.0, 0.00978]], "asks": [[122553000.0, 0.03883742], [122586000.0, 0.00483711], [122587000.0, 0.0016315], [122590000.0, 0.00408582], [122599000.0, 0.0259083], [122600000.0, 0.04694895], [122606000.0, 0.00373803], [122616000.0, 2.1866805], [122623000.0, 0.09494], [122627000.0, 0.15]]},
{"timestamp": 1743938584804, "bids": [[122506000.0, 8.162e-05], [122501000.0, 8.163e-05], [122500000.0, 8.125e-05], [122498000.0, 0.00445792], [122494000.0, 0.00028612], [122489000.0, 0.15713766], [122488000.0, 0.00986077], [122486000.0, 0.18108126], [122485000.0, 0.00024491], [122462000.0, 0.00978]], "asks": [[122553000.0, 0.03883742], [122586000.0, 0.00483711], [122587000.0, 0.0016315], [122590000.0, 0.00408582], [122599000.0, 0.0259083], [122600000.0, 0.04694895], [122606000.0, 0.00373803], [122616000.0, 2.1866805], [122623000.0, 0.09494], [122627000.0, 0.15]]},
{"timestamp": 1743938585404, "bids": [[122506000.0, 8.162e-05], [122501000.0, 8.163e-05], [122500000.0, 8.125e-05], [122498000.0, 0.00445792], [122494000.0, 0.00028612], [122489000.0, 0.15713766], [122488000.0, 0.00986077], [122486000.0, 0.18108126], [122485000.0, 0.00024491], [122462000.0, 0.00978]], "asks": [[122553000.0, 0.03883742], [122586000.0, 0.00483711], [122587000.0, 0.0016315], [122590000.0, 0.00408582], [122599000.0, 0.0259083], [122600000.0, 0.04694895], [122606000.0, 0.00373803], [122616000.0, 2.1866805], [122623000.0, 0.09494], [122627000.0, 0.15]]},
{"timestamp": 1743938585504, "bids": [[122506000.0, 8.162e-05], [122501000.0, 8.163e-05], [122500000.0, 8.125e-05], [122498000.0, 0.00445792], [122494000.0, 0.00028612], [122489000.0, 0.15713766], [122488000.0, 0.00986077], [122486000.0, 0.18108126], [122485000.0, 0.00024491], [122462000.0, 0.00978]], "asks": [[122553000.0, 0.03883742], [122586000.0, 0.00483711], [122587000.0, 0.0016315], [122590000.0, 0.00408582], [122599000.0, 0.0259083], [122600000.0, 0.04694895], [122606000.0, 0.00373803], [122616000.0, 2.1866805], [122623000.0, 0.09494], [122627000.0, 0.15]]},
{"timestamp": 1743938585904, "bids": [[122506000.0, 8.162e-05], [122501000.0, 8.163e-05], [122500000.0, 8.125e-05], [122498000.0, 0.00445792], [122494000.0, 0.00028612], [122489000.0, 0.15713766], [122488000.0, 0.00986077], [122486000.0, 0.18016392], [122485000.0, 0.00024491], [122462000.0, 0.00978]], "asks": [[122553000.0, 0.03883742], [122586000.0, 0.00483711], [122587000.0, 0.0016315], [122590000.0, 0.00408582], [122599000.0, 0.0259083], [122600000.0, 0.04694895], [122606000.0, 0.00373803], [122616000.0, 2.1866805], [122623000.0, 0.09494], [122627000.0, 0.15]]},
{"timestamp": 1743938586504, "bids": [[122506000.0, 8.162e-05], [122501000.0, 8.163e-05], [122500000.0, 8.125e-05], [122498000.0, 0.00445792], [122494000.0, 0.00028612], [122489000.0, 0.15713766], [122488000.0, 0.00986077], [122486000.0, 0.18016392], [122485000.0, 0.00024491], [122462000.0, 0.00978]], "asks": [[122553000.0, 0.03883742], [122586000.0, 0.00483711], [122587000.0, 0.0016315], [122590000.0, 0.00408582], [122599000.0, 0.0259083], [122600000.0, 0.04694895], [122606000.0, 0.00373803], [122616000.0, 2.1866805], [122623000.0, 0.09494], [122627000.0, 0.15]]},
{"timestamp": 1743938587104, "bids": [[122506000.0, 8.162e-05], [122501000.0, 8.163e-05], [122500000.0, 8.125e-05], [122498000.0, 0.00445792], [122494000.0, 0.00028612], [122489000.0, 0.15713766], [122488000.0, 0.00986077], [122486000.0, 0.18016392], [122485000.0, 0.00024491], [122462000.0, 0.00978]], "asks": [[122553000.0, 0.03883742], [122586000.0, 0.00483711], [122587000.0, 0.0016315], [122590000.0, 0.00408582], [122599000.0, 0.0259083], [122600000.0, 0.04694895], [122606000.0, 0.00373803], [122616000.0, 2.1866805], [122623000.0, 0.09494], [122627000.0, 0.15]]},
{"timestamp": 1743938589204, "bids": [[122506000.0, 8.162e-05], [122501000.0, 8.163e-05], [122500000.0, 8.125e-05], [122498000.0, 0.00445792], [122494000.0, 0.00028612], [122489000.0, 0.15713766], [122488000.0, 0.00986077], [122486000.0, 0.18016392], [122485000.0, 0.00024491], [122462000.0, 0.00978]], "asks": [[122553000.0, 0.03883742], [122587000.0, 0.0016315], [122590000.0, 0.00408582], [122599000.0, 0.0259083], [122600000.0, 0.04694895], [122606000.0, 0.00373803], [122616000.0, 2.1866805], [122623000.0, 0.09494], [122627000.0, 0.15], [122630000.0, 0.00365979]]},
{"timestamp": 1743938589304, "bids": [[122506000.0, 8.162e-05], [122501000.0, 8.163e-05], [122500000.0, 8.125e-05], [122498000.0, 0.00445792], [122494000.0, 0.00028612], [122489000.0, 0.15713766], [122488000.0, 0.00986077], [122486000.0, 0.18016392], [122485000.0, 0.00024491], [122462000.0, 0.00978]], "asks": [[122553000.0, 0.03883742], [122577000.0, 0.00483762], [122587000.0, 0.0016315], [122590000.0, 0.00408582], [122599000.0, 0.0259083], [122600000.0, 0.04694895], [122606000.0, 0.00373803], [122616000.0, 2.1866805], [122623000.0, 0.09494], [122627000.0, 0.15]]},
{"timestamp": 1743938589404, "bids": [[122506000.0, 8.162e-05], [122501000.0, 8.163e-05], [122500000.0, 0.0017139], [122498000.0, 0.00445792], [122494000.0, 0.00028612], [122489000.0, 0.15713766], [122488000.0, 0.00986077], [122486000.0, 0.18016392], [122485000.0, 0.00024491], [122462000.0, 0.00978]], "asks": [[122553000.0, 0.0372061], [122577000.0, 0.00483762], [122587000.0, 0.0016315], [122590000.0, 0.00408582], [122599000.0, 0.0259083], [122600000.0, 0.04694895], [122606000.0, 0.00373803], [122616000.0, 2.1866805], [122623000.0, 0.09494], [122627000.0, 0.15]]},
{"timestamp": 1743938589504, "bids": [[122506000.0, 8.162e-05], [122501000.0, 8.163e-05], [122500000.0, 0.01604027], [122498000.0, 0.00445792], [122494000.0, 0.00028612], [122489000.0, 0.15713766], [122488000.0, 0.00986077], [122486000.0, 0.18016392], [122485000.0, 0.00024491], [122462000.0, 0.00978]], "asks": [[122553000.0, 0.0372061], [122577000.0, 0.00483762], [122587000.0, 0.0016315], [122590000.0, 0.00408582], [122599000.0, 0.0259083], [122600000.0, 0.04694895], [122606000.0, 0.00373803], [122616000.0, 2.1866805], [122623000.0, 0.09494], [122627000.0, 0.15]]},
{"timestamp": 1743938589704, "bids": [[122506000.0, 8.162e-05], [122501000.0, 8.163e-05], [122500000.0, 0.01604027], [122498000.0, 0.00445792], [122494000.0, 0.00028612], [122489000.0, 0.15713766], [122488000.0, 0.00986077], [122486000.0, 0.18016392], [122485000.0, 0.00024491], [122462000.0, 0.00978]], "asks": [[122553000.0, 0.0372061], [122577000.0, 0.00483762], [122587000.0, 0.0016315], [122590000.0, 0.00408582], [122599000.0, 0.0259083], [122600000.0, 0.04694895], [122606000.0, 0.00373803], [122616000.0, 2.1866805], [122623000.0, 0.09494], [122627000.0, 0.15]]},
{"timestamp": 1743938590104, "bids": [[122500000.0, 0.00807751], [122498000.0, 0.00445792], [122494000.0, 0.00028612], [122489000.0, 0.15713766], [122488000.0, 0.00986077], [122486000.0, 0.18016392], [122485000.0, 0.00024491], [122462000.0, 0.00978], [122453000.0, 0.00081663], [122451000.0, 0.01051923]], "asks": [[122553000.0, 0.0372061], [122577000.0, 0.00483762], [122587000.0, 0.0016315], [122590000.0, 0.00408582], [122599000.0, 0.0259083], [122600000.0, 0.04694895], [122606000.0, 0.00373803], [122616000.0, 2.1866805], [122623000.0, 0.09494], [122627000.0, 0.15]]},
{"timestamp": 1743938591004, "bids": [[122525000.0, 8.161e-05], [122500000.0, 0.00807751], [122498000.0, 0.00445792], [122494000.0, 0.00028612], [122489000.0, 0.15713766], [122488000.0, 0.00986077], [122486000.0, 0.18016392], [122485000.0, 0.00024491], [122462000.0, 0.00978], [122453000.0, 0.00081663]], "asks": [[122553000.0, 0.0372061], [122577000.0, 0.00483762], [122587000.0, 0.0016315], [122590000.0, 0.00408582], [122599000.0, 0.0259083], [122600000.0, 0.04694895], [122606000.0, 0.00373803], [122616000.0, 2.1866805], [122623000.0, 0.09494], [122627000.0, 0.15]]},
{"timestamp": 1743938591304, "bids": [[122500000.0, 0.00565912], [122498000.0, 0.00445792], [122494000.0, 0.00028612], [122489000.0, 0.15713766], [122488000.0, 0.00986077], [122486000.0, 0.18016392], [122485000.0, 0.00024491], [122462000.0, 0.00978], [122453000.0, 0.00081663], [122451000.0, 0.01051923]], "asks": [[122553000.0, 0.0372061], [122577000.0, 0.00483762], [122587000.0, 0.0016315], [122590000.0, 0.00408582], [122599000.0, 0.0259083], [122600000.0, 0.04694895], [122606000.0, 0.00373803], [122616000.0, 2.1866805], [122623000.0, 0.09494], [122627000.0, 0.15]]},
{"timestamp": 1743938591404, "bids": [[122500000.0, 0.00402912], [122498000.0, 0.00445792], [122494000.0, 0.00028612], [122489000.0, 0.15713766], [122488000.0, 0.00986077], [122486000.0, 0.18016392], [122485000.0, 0.00024491], [122453000.0, 0.00081663], [122451000.0, 0.01051923], [122450000.0, 0.795147]], "asks": [[122553000.0, 0.0372061], [122577000.0, 0.00483762], [122587000.0, 0.0016315], [122590000.0, 0.00408582], [122599000.0, 0.0259083], [122600000.0, 0.04694895], [122606000.0, 0.00373803], [122616000.0, 2.1866805], [122623000.0, 0.09494], [122627000.0, 0.15]]},
{"timestamp": 1743938591504, "bids": [[122500000.0, 0.00402912], [122498000.0, 0.00445792], [122494000.0, 0.00028612], [122489000.0, 0.15713766], [122488000.0, 0.00986077], [122486000.0, 0.18016392], [122485000.0, 0.00024491], [122455000.0, 0.01008], [122453000.0, 0.00081663], [122451000.0, 0.01051923]], "asks": [[122553000.0, 0.0372061], [122577000.0, 0.00483762], [122587000.0, 0.0016315], [122590000.0, 0.00408582], [122599000.0, 0.0259083], [122600000.0, 0.04694895], [122606000.0, 0.00373803], [122616000.0, 2.1967605], [122623000.0, 0.09494], [122627000.0, 0.15]]},
{"timestamp": 1743938591604, "bids": [[122500000.0, 0.00402912], [122498000.0, 0.00445792], [122494000.0, 0.00028612], [122489000.0, 0.15713766], [122488000.0, 0.00986077], [122486000.0, 0.18016392], [122485000.0, 0.00024491], [122455000.0, 0.01008], [122453000.0, 0.00081663], [122451000.0, 0.01051923]], "asks": [[122527000.0, 0.00326459], [122553000.0, 0.0372061], [122577000.0, 0.00483762], [122587000.0, 0.0016315], [122590000.0, 0.00408582], [122599000.0, 0.0259083], [122600000.0, 0.04694895], [122606000.0, 0.00373803], [122616000.0, 2.1967605], [122623000.0, 0.09494]]},
