[
{"timestamp": 1743933191004, "bids": [[122921000.0, 0.05840673], [122920000.0, 0.0005618], [122919000.0, 9.415e-05], [122918000.0, 0.01069319], [122917000.0, 0.00013133], [122916000.0, 0.00013017], [122908000.0, 0.00122025], [122907000.0, 0.00081362], [122901000.0, 0.05], [122900000.0, 0.08244061]], "asks": [[122957000.0, 0.01626571], [122958000.0, 0.01250183], [122961000.0, 0.00073311], [122976000.0, 0.11565782], [122977000.0, 0.11565782], [122981000.0, 0.00243877], [122983000.0, 0.00053439], [122989000.0, 0.00040701], [122990000.0, 0.93964166], [122995000.0, 0.35362123]]},
{"timestamp": 1743933191604, "bids": [[122921000.0, 0.05840673], [122920000.0, 0.0005618], [122919000.0, 9.415e-05], [122918000.0, 0.01069319], [122917000.0, 0.00013133], [122916000.0, 0.00013017], [122908000.0, 0.00122025], [122907000.0, 0.00081362], [122901000.0, 0.05], [122900000.0, 0.08244061]], "asks": [[122957000.0, 0.01626571], [122958000.0, 0.01250183], [122961000.0, 0.00073311], [122976000.0, 0.11565782], [122977000.0, 0.11565782], [122981000.0, 0.00243877], [122983000.0, 0.00053439], [122989000.0, 0.00040701], [122990000.0, 0.93964166], [122995000.0, 0.35362123]]},
{"timestamp": 1743933191704, "bids": [[122921000.0, 0.05840673], [122920000.0, 0.0005618], [122919000.0, 9.415e-05], [122918000.0, 0.01069319], [122917000.0, 0.00013133], [122916000.0, 0.00013017], [122908000.0, 0.00122025], [122907000.0, 0.00081362], [122901000.0, 0.05], [122900000.0, 0.08244061]], "asks": [[122957000.0, 0.01626571], [122958000.0, 0.01250183], [122961000.0, 0.00073311], [122976000.0, 0.11565782], [122977000.0, 0.11565782], [122981000.0, 0.00243877], [122983000.0, 0.00053439], [122989000.0, 0.00040701], [122990000.0, 0.93964166], [122995000.0, 0.35362123]]},
{"timestamp": 1743933191804, "bids": [[122921000.0, 0.05840673], [122920000.0, 0.0005618], [122919000.0, 9.415e-05], [122918000.0, 0.01069319], [122917000.0, 0.00013133], [122916000.0, 0.00013017], [122908000.0, 0.00122025], [122907000.0, 0.00081362], [122901000.0, 0.05], [122900000.0, 0.08244061]], "asks": [[122957000.0, 0.01626571], [122958000.0, 0.01250183], [122961000.0, 0.00073311], [122976000.0, 0.11565782], [122977000.0, 0.11565782], [122981000.0, 0.00243877], [122983000.0, 0.00053439], [122989000.0, 0.00040701], [122990000.0, 0.93964166], [122995000.0, 0.35362123]]},
{"timestamp": 1743933191904, "bids": [[122921000.0, 0.05840673], [122920000.0, 0.0005618], [122919000.0, 9.415e-05], [122918000.0, 0.01069319], [122917000.0, 0.00013133], [122916000.0, 0.00013017], [122908000.0, 0.00122025], [122907000.0, 0.00081362], [122901000.0, 0.05], [122900000.0, 0.08244061]], "asks": [[122957000.0, 0.01626571], [122958000.0, 0.01250183], [122961000.0, 0.00073311], [122976000.0, 0.11565782], [122977000.0, 0.11565782], [122981000.0, 0.00243877], [122983000.0, 0.00053439], [122989000.0, 0.00040701], [122990000.0, 0.93964166], [122995000.0, 0.35362123]]},
{"timestamp": 1743933192004, "bids": [[122921000.0, 0.05840673], [122920000.0, 0.0005618], [122919000.0, 9.415e-05], [122918000.0, 0.01069319], [122917000.0, 0.00013133], [122916000.0, 0.00013017], [122908000.0, 0.00122025], [122907000.0, 0.00081362], [122901000.0, 0.05], [122900000.0, 0.08244061]], "asks": [[122957000.0, 0.01626571], [122958000.0, 0.01250183], [122961000.0, 0.00073311], [122976000.0, 0.11565782], [122977000.0, 0.11565782], [122981000.0, 0.00243877], [122983000.0, 0.00053439], [122989000.0, 0.00040701], [122990000.0, 0.93964166], [122995000.0, 0.35362123]]},
{"timestamp": 1743933192104, "bids": [[122921000.0, 0.05840673], [122920000.0, 0.0005618], [122919000.0, 9.415e-05], [122918000.0, 0.01069319], [122917000.0, 0.00013133], [122916000.0, 0.00013017], [122908000.0, 0.00122025], [122907000.0, 0.00081362], [122901000.0, 0.05], [122900000.0, 0.08244061]], "asks": [[122957000.0, 0.01382584], [122958000.0, 0.01250183], [122961000.0, 0.00073311], [122976000.0, 0.11565782], [122977000.0, 0.11565782], [122981000.0, 0.00243877], [122983000.0, 0.00053439], [122989000.0, 0.00040701], [122990000.0, 0.93964166], [122995000.0, 0.35362123]]},
{"timestamp": 1743933192204, "bids": [[122921000.0, 0.05840673], [122920000.0, 0.0005618], [122919000.0, 9.415e-05], [122918000.0, 0.01069319], [122917000.0, 0.00013133], [122916000.0, 0.00013017], [122908000.0, 0.00122025], [122907000.0, 0.00081362], [122901000.0, 0.05], [122900000.0, 0.08244061]], "asks": [[122957000.0, 0.01382584], [122958000.0, 0.01250183], [122961000.0, 0.00073311], [122976000.0, 0.11565782], [122977000.0, 0.11565782], [122981000.0, 0.00243877], [122983000.0, 0.00053439], [122989000.0, 0.00040701], [122990000.0, 0.93964166], [122995000.0, 0.35362123]]},
{"timestamp": 1743933192304, "bids": [[122921000.0, 0.05840673], [122920000.0, 0.0005618], [122919000.0, 9.415e-05], [122918000.0, 0.01069319], [122917000.0, 0.00013133], [122916000.0, 0.00013017], [122908000.0, 0.00122025], [122907000.0, 0.00081362], [122901000.0, 0.05], [122900000.0, 0.08244061]], "asks": [[122957000.0, 0.01382584], [122958000.0, 0.01250183], [122961000.0, 0.00073311], [122976000.0, 0.11565782], [122977000.0, 0.11565782], [122981000.0, 0.00243877], [122983000.0, 0.00053439], [122989000.0, 0.00040701], [122990000.0, 0.93964166], [122995000.0, 0.35362123]]},
{"timestamp": 1743933192404, "bids": [[122921000.0, 0.05840673], [122920000.0, 0.0005618], [122919000.0, 9.415e-05], [122918000.0, 0.01069319], [122917000.0, 0.00013133], [122916000.0, 0.00013017], [122908000.0, 0.00122025], [122907000.0, 0.00081362], [122901000.0, 0.05], [122900000.0, 0.08244061]], "asks": [[122957000.0, 0.01382584], [122958000.0, 0.01250183], [122961000.0, 0.00073311], [122976000.0, 0.11565782], [122977000.0, 0.11565782], [122981000.0, 0.00243877], [122983000.0, 0.00053439], [122989000.0, 0.00040701], [122990000.0, 0.93964166], [122995000.0, 0.35362123]]},
{"timestamp": 1743933192504, "bids": [[122921000.0, 0.05840673], [122920000.0, 0.0005618], [122919000.0, 9.415e-05], [122918000.0, 0.01069319], [122917000.0, 0.00013133], [122916000.0, 0.00013017], [122908000.0, 0.00122025], [122907000.0, 0.00081362], [122901000.0, 0.05], [122900000.0, 0.08244061]], "asks": [[122957000.0, 0.01382584], [122958000.0, 0.01250183], [122961000.0, 0.00073311], [122976000.0, 0.11565782], [122977000.0, 0.11565782], [122981000.0, 0.00243877], [122983000.0, 0.00053439], [122989000.0, 0.00040701], [122990000.0, 0.93964166], [122995000.0, 0.35362123]]},
{"timestamp": 1743933192604, "bids": [[122921000.0, 0.05840673], [122920000.0, 0.0005618], [122919000.0, 9.415e-05], [122918000.0, 0.01069319], [122917000.0, 0.00013133], [122916000.0, 0.00013017], [122908000.0, 0.00122025], [122907000.0, 0.00081362], [122901000.0, 0.05], [122900000.0, 0.08244061]], "asks": [[122957000.0, 0.01382584], [122958000.0, 0.01250183], [122961000.0, 0.00073311], [122976000.0, 0.11565782], [122977000.0, 0.11565782], [122981000.0, 0.00243877], [122983000.0, 0.00053439], [122989000.0, 0.00040701], [122990000.0, 0.93964166], [122995000.0, 0.35362123]]},
{"timestamp": 1743933192704, "bids": [[122921000.0, 0.05840673], [122920000.0, 0.0005618], [122919000.0, 9.415e-05], [122918000.0, 0.01069319], [122917000.0, 0.00013133], [122916000.0, 0.00013017], [122908000.0, 0.00122025], [122907000.0, 0.00081362], [122901000.0, 0.05], [122900000.0, 0.08244061]], "asks": [[122957000.0, 0.01382584], [122958000.0, 0.01250183], [122961000.0, 0.00073311], [122976000.0, 0.11565782], [122977000.0, 0.11565782], [122981000.0, 0.00243877], [122983000.0, 0.00053439], [122989000.0, 0.00040701], [122990000.0, 0.93964166], [122995000.0, 0.35362123]]},
{"timestamp": 1743933192804, "bids": [[122921000.0, 0.05840673], [122920000.0, 0.0005618], [122919000.0, 9.415e-05], [122918000.0, 0.01069319], [122917000.0, 0.00013133], [122916000.0, 0.00013017], [122908000.0, 0.00122025], [122907000.0, 0.00081362], [122901000.0, 0.05], [122900000.0, 0.08244061]], "asks": [[122957000.0, 0.01382584], [122958000.0, 0.01250183], [122961000.0, 0.00073311], [122976000.0, 0.11565782], [122977000.0, 0.11565782], [122981000.0, 0.00243877], [122983000.0, 0.00053439], [122989000.0, 0.00040701], [122990000.0, 0.93964166], [122995000.0, 0.35362123]]},
{"timestamp": 1743933192904, "bids": [[122921000.0, 0.05840673], [122920000.0, 0.0005618], [122919000.0, 9.415e-05], [122918000.0, 0.01069319], [122917000.0, 0.00013133], [122916000.0, 0.00013017], [122908000.0, 0.00122025], [122907000.0, 0.00081362], [122901000.0, 0.05], [122900000.0, 0.08244061]], "asks": [[122957000.0, 0.01382584], [122958000.0, 0.01250183], [122961000.0, 0.00073311], [122976000.0, 0.11565782], [122977000.0, 0.11565782], [122981000.0, 0.00243877], [122983000.0, 0.00053439], [122989000.0, 0.00040701], [122990000.0, 0.93964166], [122995000.0, 0.35362123]]},
{"timestamp": 1743933193004, "bids": [[122921000.0, 0.05840673], [122920000.0, 0.0005618], [122919000.0, 9.415e-05], [122918000.0, 0.01069319], [122917000.0, 0.00013133], [122916000.0, 0.00013017], [122908000.0, 0.00122025], [122907000.0, 0.00081362], [122901000.0, 0.05], [122900000.0, 0.08244061]], "asks": [[122957000.0, 0.01382584], [122958000.0, 0.01250183], [122961000.0, 0.00073311], [122976000.0, 0.11565782], [122977000.0, 0.11565782], [122981000.0, 0.00243877], [122983000.0, 0.00053439], [122989000.0, 0.00040701], [122990000.0, 0.93964166], [122995000.0, 0.35362123]]},
{"timestamp": 1743933193104, "bids": [[122921000.0, 0.05840673], [122920000.0, 0.0005618], [122919000.0, 9.415e-05], [122918000.0, 0.01069319], [122917000.0, 0.00013133], [122916000.0, 0.00013017], [122908000.0, 0.00122025], [122907000.0, 0.00081362], [122901000.0, 0.05], [122900000.0, 0.08244061]], "asks": [[122957000.0, 0.01382584], [122958000.0, 0.01250183], [122961000.0, 0.00073311], [122976000.0, 0.11565782], [122977000.0, 0.11565782], [122981000.0, 0.00243877], [122983000.0, 0.00053439], [122989000.0, 0.00040701], [122990000.0, 0.93964166], [122995000.0, 0.35362123]]},
{"timestamp": 1743933193204, "bids": [[122921000.0, 0.05840673], [122920000.0, 0.0005618], [122919000.0, 9.415e-05], [122918000.0, 0.01069319], [122917000.0, 0.00013133], [122916000.0, 0.00013017], [122908000.0, 0.00122025], [122907000.0, 0.00081362], [122901000.0, 0.05], [122900000.0, 0.08244061]], "asks": [[122957000.0, 0.01382584], [122958000.0, 0.01250183], [122961000.0, 0.00073311], [122976000.0, 0.11565782], [122977000.0, 0.11565782], [122981000.0, 0.00243877], [122983000.0, 0.00053439], [122989000.0, 0.00040701], [122990000.0, 0.93964166], [122995000.0, 0.35362123]]},
{"timestamp": 1743933193304, "bids": [[122921000.0, 0.05840673], [122920000.0, 0.0005618], [122919000.0, 9.415e-05], [122918000.0, 0.01069319], [122917000.0, 0.00013133], [122916000.0, 0.00013017], [122908000.0, 0.00122025], [122907000.0, 0.00081362], [122901000.0, 0.05], [122900000.0, 0.08244061]], "asks": [[122957000.0, 0.01382584], [122958000.0, 0.01250183], [122961000.0, 0.00073311], [122976000.0, 0.11565782], [122977000.0, 0.11565782], [122981000.0, 0.00243877], [122983000.0, 0.00053439], [122989000.0, 0.00040701], [122990000.0, 0.93964166], [122995000.0, 0.35362123]]},
{"timestamp": 1743933193404, "bids": [[122921000.0, 0.06654203], [122920000.0, 0.0005618], [122919000.0, 9.415e-05], [122918000.0, 0.01069319], [122917000.0, 0.00013133], [122916000.0, 0.00013017], [122908000.0, 0.00122025], [122907000.0, 0.00081362], [122901000.0, 0.05], [122900000.0, 0.08244061]], "asks": [[122957000.0, 0.01382584], [122958000.0, 0.01250183], [122961000.0, 0.00073311], [122976000.0, 0.11565782], [122977000.0, 0.11565782], [122981000.0, 0.00243877], [122983000.0, 0.00053439], [122989000.0, 0.00040701], [122990000.0, 0.93964166], [122995000.0, 0.35362123]]},
{"timestamp": 1743933195604, "bids": [[122921000.0, 0.06654203], [122920000.0, 0.0005618], [122919000.0, 9.415e-05], [122918000.0, 0.01909228], [122917000.0, 0.00013133], [122916000.0, 0.00013017], [122908000.0, 0.00122025], [122907000.0, 0.00081362], [122901000.0, 0.05], [122900000.0, 0.08244061]], "asks": [[122957000.0, 0.01382584], [122958000.0, 0.01250183], [122961000.0, 0.00073311], [122976000.0, 0.11565782], [122977000.0, 0.11565782], [122981000.0, 0.00243877], [122983000.0, 0.00053439], [122989000.0, 0.00040701], [122990000.0, 0.93964166], [122995000.0, 0.35362123]]},
{"timestamp": 1743933201204, "bids": [[122921000.0, 0.08281264], [122920000.0, 0.0005618], [122919000.0, 9.415e-05], [122918000.0, 0.01909228], [122917000.0, 0.00013133], [122916000.0, 0.00013017], [122908000.0, 0.00122025], [122907000.0, 0.00081362], [122901000.0, 0.05], [122900000.0, 0.08244061]], "asks": [[122957000.0, 0.01382584], [122958000.0, 0.01250183], [122961000.0, 0.00073311], [122976000.0, 0.11565782], [122977000.0, 0.11565782], [122981000.0, 0.00243877], [122983000.0, 0.00053439], [122989000.0, 0.00040701], [122990000.0, 0.93964166], [122995000.0, 0.35362123]]},
{"timestamp": 1743933201604, "bids": [[122922000.0, 4.072e-05], [122921000.0, 0.08281264], [122920000.0, 0.0005618], [122919000.0, 9.415e-05], [122918000.0, 0.01909228], [122917000.0, 0.00013133], [122916000.0, 0.00013017], [122908000.0, 0.00122025], [122907000.0, 0.00081362], [122901000.0, 0.05]], "asks": [[122957000.0, 0.01382584], [122958000.0, 0.01250183], [122961000.0, 0.00073311], [122976000.0, 0.11565782], [122977000.0, 0.11565782], [122981000.0, 0.00243877], [122983000.0, 0.00053439], [122989000.0, 0.00040701], [122990000.0, 0.93964166], [122995000.0, 0.35362123]]},
{"timestamp": 1743933201804, "bids": [[122922000.0, 4.072e-05], [122921000.0, 0.08281264], [122920000.0, 0.0005618], [122919000.0, 9.415e-05], [122918000.0, 0.01909228], [122917000.0, 0.00013133], [122916000.0, 0.00013017], [122908000.0, 0.00122025], [122907000.0, 0.00081362], [122901000.0, 0.05]], "asks": [[122957000.0, 0.01378518], [122958000.0, 0.01250183], [122961000.0, 0.00073311], [122976000.0, 0.11565782], [122977000.0, 0.11565782], [122981000.0, 0.00243877], [122983000.0, 0.00053439], [122989000.0, 0.00040701], [122990000.0, 0.93964166], [122995000.0, 0.35362123]]},
{"timestamp": 1743933204404, "bids": [[122922000.0, 4.072e-05], [122921000.0, 0.08281264], [122920000.0, 0.0005618], [122919000.0, 9.415e-05], [122918000.0, 0.01909228], [122917000.0, 0.00013133], [122916000.0, 0.00013017], [122908000.0, 0.00122025], [122907000.0, 0.00081362], [122901000.0, 0.05]], "asks": [[122957000.0, 0.01378518], [122958000.0, 0.01250183], [122961000.0, 0.00073311], [122976000.0, 0.11565782], [122977000.0, 0.11565782], [122981000.0, 0.00243877], [122983000.0, 0.00053439], [122989000.0, 0.00040701], [122990000.0, 0.93964166], [122995000.0, 0.35362123]]},
{"timestamp": 1743933204504, "bids": [[122922000.0, 4.072e-05], [122921000.0, 0.08281264], [122920000.0, 0.0005618], [122919000.0, 9.415e-05], [122918000.0, 0.01909228], [122917000.0, 0.00013133], [122916000.0, 0.00013017], [122908000.0, 0.00122025], [122907000.0, 0.00081362], [122901000.0, 0.05]], "asks": [[122957000.0, 0.01378518], [122958000.0, 0.01250183], [122961000.0, 0.00073311], [122976000.0, 0.11565782], [122977000.0, 0.11565782], [122981000.0, 0.00243877], [122983000.0, 0.00053439], [122989000.0, 0.00040701], [122990000.0, 0.93964166], [122995000.0, 0.35362123]]},
{"timestamp": 1743933204604, "bids": [[122922000.0, 4.072e-05], [122921000.0, 0.08281264], [122920000.0, 0.0005618], [122919000.0, 9.415e-05], [122918000.0, 0.01909228], [122917000.0, 0.00013133], [122916000.0, 0.00013017], [122908000.0, 0.00122025], [122907000.0, 0.00081362], [122901000.0, 0.05]], "asks": [[122957000.0, 0.01378518], [122958000.0, 0.01250183], [122961000.0, 0.00073311], [122976000.0, 0.11565782], [122977000.0, 0.11565782], [122981000.0, 0.00243877], [122983000.0, 0.00053439], [122989000.0, 0.00040701], [122990000.0, 0.93964166], [122995000.0, 0.35362123]]},
{"timestamp": 1743933206404, "bids": [[122922000.0, 4.072e-05], [122921000.0, 0.07467734], [122920000.0, 0.0005618], [122919000.0, 9.415e-05], [122918000.0, 0.01909228], [122917000.0, 0.00013133], [122916000.0, 0.00013017], [122908000.0, 0.00122025], [122907000.0, 0.00081362], [122901000.0, 0.05]], "asks": [[122957000.0, 0.01378518], [122958000.0, 0.01250183], [122961000.0, 0.00073311], [122976000.0, 0.11565782], [122977000.0, 0.11565782], [122981000.0, 0.00243877], [122983000.0, 0.00053439], [122989000.0, 0.00040701], [122990000.0, 0.93964166], [122995000.0, 0.35362123]]},
{"timestamp": 1743933207004, "bids": [[122922000.0, 4.072e-05], [122921000.0, 0.07467734], [122920000.0, 0.0005618], [122919000.0, 9.415e-05], [122918000.0, 0.01909228], [122917000.0, 0.00013133], [122916000.0, 0.00013017], [122908000.0, 0.00122025], [122907000.0, 0.00081362], [122901000.0, 0.05]], "asks": [[122957000.0, 0.01496541], [122958000.0, 0.01250183], [122961000.0, 0.00073311], [122976000.0, 0.11565782], [122977000.0, 0.11565782], [122981000.0, 0.00243877], [122983000.0, 0.00053439], [122989000.0, 0.00040701], [122990000.0, 0.93964166], [122995000.0, 0.35362123]]},
{"timestamp": 1743933207504, "bids": [[122922000.0, 4.072e-05], [122921000.0, 0.07467734], [122920000.0, 0.0005618], [122919000.0, 9.415e-05], [122918000.0, 0.01909228], [122917000.0, 0.00013133], [122916000.0, 0.00013017], [122908000.0, 0.00122025], [122907000.0, 0.00081362], [122901000.0, 0.05]], "asks": [[122957000.0, 0.01291406], [122958000.0, 0.01250183], [122961000.0, 0.00073311], [122976000.0, 0.11565782], [122977000.0, 0.11565782], [122981000.0, 0.00243877], [122983000.0, 0.00053439], [122989000.0, 0.00040701], [122990000.0, 0.93964166], [122995000.0, 0.35362123]]},
{"timestamp": 1743933212004, "bids": [[122921000.0, 0.05537811], [122920000.0, 0.0005618], [122919000.0, 9.415e-05], [122918000.0, 0.01909228], [122917000.0, 0.00013133], [122916000.0, 0.00013017], [122908000.0, 0.00122025], [122907000.0, 0.00081362], [122901000.0, 0.05], [122900000.0, 0.08244061]], "asks": [[122957000.0, 0.01291406], [122958000.0, 0.01250183], [122961000.0, 0.00073311], [122976000.0, 0.11565782], [122977000.0, 0.11565782], [122981000.0, 0.00243877], [122983000.0, 0.00053439], [122989000.0, 0.00040701], [122990000.0, 0.93964166], [122995000.0, 0.35362123]]},
{"timestamp": 1743933213704, "bids": [[122921000.0, 0.05530081], [122920000.0, 0.0005618], [122919000.0, 9.415e-05], [122918000.0, 0.01909228], [122917000.0, 0.00013133], [122916000.0, 0.00013017], [122908000.0, 0.00122025], [122907000.0, 0.00081362], [122901000.0, 0.05], [122900000.0, 0.08244061]], "asks": [[122957000.0, 0.01291406], [122958000.0, 0.01250183], [122961000.0, 0.00073311], [122976000.0, 0.11565782], [122977000.0, 0.11565782], [122981000.0, 0.00243877], [122983000.0, 0.00053439], [122989000.0, 0.00040701], [122990000.0, 0.93964166], [122995000.0, 0.35362123]]},
{"timestamp": 1743933214304, "bids": [[122921000.0, 0.03603572], [122920000.0, 0.0005618], [122919000.0, 9.415e-05], [122918000.0, 0.01909228], [122917000.0, 0.00013133], [122916000.0, 0.00013017], [122908000.0, 0.00122025], [122907000.0, 0.00081362], [122901000.0, 0.05], [122900000.0, 0.08244061]], "asks": [[122957000.0, 0.01291406], [122958000.0, 0.01250183], [122961000.0, 0.00073311], [122976000.0, 0.11565782], [122977000.0, 0.11565782], [122981000.0, 0.00243877], [122983000.0, 0.00053439], [122989000.0, 0.00040701], [122990000.0, 0.93964166], [122995000.0, 0.35362123]]},
{"timestamp": 1743933214404, "bids": [[122921000.0, 0.03603572], [122920000.0, 0.0005618], [122919000.0, 9.415e-05], [122918000.0, 0.01909228], [122917000.0, 0.00013133], [122916000.0, 0.00013017], [122908000.0, 0.00122025], [122907000.0, 0.00081362], [122901000.0, 0.05], [122900000.0, 0.08244061]], "asks": [[122957000.0, 0.01291406], [122958000.0, 0.01250183], [122961000.0, 0.00073311], [122976000.0, 0.11565782], [122977000.0, 0.11565782], [122981000.0, 0.00243877], [122983000.0, 0.00053439], [122989000.0, 0.00040701], [122990000.0, 0.93964166], [122995000.0, 0.35362123]]},
{"timestamp": 1743933214504, "bids": [[122921000.0, 0.03603572], [122920000.0, 0.0005618], [122919000.0, 9.415e-05], [122918000.0, 0.01909228], [122917000.0, 0.00013133], [122916000.0, 0.00013017], [122908000.0, 0.00122025], [122907000.0, 0.00081362], [122901000.0, 0.05], [122900000.0, 0.08244061]], "asks": [[122957000.0, 0.01291406], [122958000.0, 0.01250183], [122961000.0, 0.00073311], [122976000.0, 0.11565782], [122977000.0, 0.11565782], [122981000.0, 0.00243877], [122983000.0, 0.00053439], [122989000.0, 0.00040701], [122990000.0, 0.93964166], [122995000.0, 0.35362123]]},
{"timestamp": 1743933214604, "bids": [[122921000.0, 0.03603572], [122920000.0, 0.0005618], [122919000.0, 9.415e-05], [122918000.0, 0.01909228], [122917000.0, 0.00013133], [122916000.0, 0.00013017], [122908000.0, 0.00122025], [122907000.0, 0.00081362], [122901000.0, 0.05], [122900000.0, 0.08244061]], "asks": [[122957000.0, 0.01291406], [122958000.0, 0.01250183], [122961000.0, 0.00073311], [122976000.0, 0.11565782], [122977000.0, 0.11565782], [122981000.0, 0.00243877], [122983000.0, 0.00053439], [122989000.0, 0.00040701], [122990000.0, 0.93964166], [122995000.0, 0.35362123]]},
{"timestamp": 1743933214704, "bids": [[122921000.0, 0.03603572], [122920000.0, 0.0005618], [122919000.0, 9.415e-05], [122918000.0, 0.01909228], [122917000.0, 0.00013133], [122916000.0, 0.00013017], [122908000.0, 0.00122025], [122907000.0, 0.00081362], [122901000.0, 0.05], [122900000.0, 0.08244061]], "asks": [[122957000.0, 0.01291406], [122958000.0, 0.01250183], [122961000.0, 0.00073311], [122976000.0, 0.11565782], [122977000.0, 0.11565782], [122981000.0, 0.00243877], [122983000.0, 0.00053439], [122989000.0, 0.00040701], [122990000.0, 0.93964166], [122995000.0, 0.35362123]]},
{"timestamp": 1743933214804, "bids": [[122921000.0, 0.03603572], [122920000.0, 0.0005618], [122919000.0, 9.415e-05], [122918000.0, 0.01909228], [122917000.0, 0.00013133], [122916000.0, 0.00013017], [122908000.0, 0.00122025], [122907000.0, 0.00081362], [122901000.0, 0.05], [122900000.0, 0.08244061]], "asks": [[122957000.0, 0.01291406], [122958000.0, 0.01250183], [122961000.0, 0.00073311], [122976000.0, 0.11565782], [122977000.0, 0.11565782], [122981000.0, 0.00243877], [122983000.0, 0.00053439], [122989000.0, 0.00040701], [122990000.0, 0.93964166], [122995000.0, 0.35362123]]},
{"timestamp": 1743933214904, "bids": [[122921000.0, 0.03603572], [122920000.0, 0.0005618], [122919000.0, 9.415e-05], [122918000.0, 0.01909228], [122917000.0, 0.00013133], [122916000.0, 0.00013017], [122908000.0, 0.00122025], [122907000.0, 0.00081362], [122901000.0, 0.05], [122900000.0, 0.08244061]], "asks": [[122957000.0, 0.01291406], [122958000.0, 0.01250183], [122961000.0, 0.00073311], [122976000.0, 0.11565782], [122977000.0, 0.11565782], [122981000.0, 0.00243877], [122983000.0, 0.00053439], [122989000.0, 0.00040701], [122990000.0, 0.93964166], [122995000.0, 0.35362123]]},
{"timestamp": 1743933215004, "bids": [[122921000.0, 0.03603572], [122920000.0, 0.0005618], [122919000.0, 9.415e-05], [122918000.0, 0.01909228], [122917000.0, 0.00013133], [122916000.0, 0.00013017], [122908000.0, 0.00122025], [122907000.0, 0.00081362], [122901000.0, 0.05], [122900000.0, 0.08244061]], "asks": [[122957000.0, 0.01291406], [122958000.0, 0.01250183], [122961000.0, 0.00073311], [122976000.0, 0.11565782], [122977000.0, 0.11565782], [122981000.0, 0.00243877], [122983000.0, 0.00053439], [122989000.0, 0.00040701], [122990000.0, 0.93964166], [122995000.0, 0.35362123]]},
{"timestamp": 1743933215104, "bids": [[122921000.0, 0.03603572], [122920000.0, 0.0005618], [122919000.0, 9.415e-05], [122918000.0, 0.01909228], [122917000.0, 0.00013133], [122916000.0, 0.00013017], [122908000.0, 0.00122025], [122907000.0, 0.00081362], [122901000.0, 0.05], [122900000.0, 0.08244061]], "asks": [[122957000.0, 0.01291406], [122958000.0, 0.01250183], [122961000.0, 0.00073311], [122976000.0, 0.11565782], [122977000.0, 0.11565782], [122981000.0, 0.00243877], [122983000.0, 0.00053439], [122989000.0, 0.00040701], [122990000.0, 0.93964166], [122995000.0, 0.35362123]]},
{"timestamp": 1743933215204, "bids": [[122921000.0, 0.03603572], [122920000.0, 0.0005618], [122919000.0, 9.415e-05], [122918000.0, 0.01909228], [122917000.0, 0.00013133], [122916000.0, 0.00013017], [122908000.0, 0.00122025], [122907000.0, 0.00081362], [122901000.0, 0.05], [122900000.0, 0.08244061]], "asks": [[122957000.0, 0.01291406], [122958000.0, 0.01250183], [122961000.0, 0.00073311], [122976000.0, 0.11565782], [122977000.0, 0.11565782], [122981000.0, 0.00243877], [122983000.0, 0.00053439], [122989000.0, 0.00040701], [122990000.0, 0.93964166], [122995000.0, 0.35362123]]},
{"timestamp": 1743933215304, "bids": [[122921000.0, 0.03603572], [122920000.0, 0.0005618], [122919000.0, 9.415e-05], [122918000.0, 0.01909228], [122917000.0, 0.00013133], [122916000.0, 0.00013017], [122908000.0, 0.00122025], [122907000.0, 0.00081362], [122901000.0, 0.05], [122900000.0, 0.08244061]], "asks": [[122957000.0, 0.01291406], [122958000.0, 0.01250183], [122961000.0, 0.00073311], [122976000.0, 0.11565782], [122977000.0, 0.11565782], [122981000.0, 0.00243877], [122983000.0, 0.00053439], [122989000.0, 0.00040701], [122990000.0, 0.93964166], [122995000.0, 0.35362123]]},
{"timestamp": 1743933215404, "bids": [[122921000.0, 0.03603572], [122920000.0, 0.0005618], [122919000.0, 9.415e-05], [122918000.0, 0.01909228], [122917000.0, 0.00013133], [122916000.0, 0.00013017], [122908000.0, 0.00122025], [122907000.0, 0.00081362], [122901000.0, 0.05], [122900000.0, 0.08244061]], "asks": [[122957000.0, 0.01291406], [122958000.0, 0.01250183], [122961000.0, 0.00073311], [122976000.0, 0.11565782], [122977000.0, 0.11565782], [122981000.0, 0.00243877], [122983000.0, 0.00053439], [122989000.0, 0.00040701], [122990000.0, 0.93964166], [122995000.0, 0.35362123]]},
{"timestamp": 1743933215504, "bids": [[122921000.0, 0.03603572], [122920000.0, 0.0005618], [122919000.0, 9.415e-05], [122918000.0, 0.01909228], [122917000.0, 0.00013133], [122916000.0, 0.00013017], [122908000.0, 0.00122025], [122907000.0, 0.00081362], [122901000.0, 0.05], [122900000.0, 0.08244061]], "asks": [[122957000.0, 0.01291406], [122958000.0, 0.01250183], [122961000.0, 0.00073311], [122976000.0, 0.11565782], [122977000.0, 0.11565782], [122981000.0, 0.00243877], [122983000.0, 0.00053439], [122989000.0, 0.00040701], [122990000.0, 0.93964166], [122995000.0, 0.35362123]]},
{"timestamp": 1743933215604, "bids": [[122921000.0, 0.03603572], [122920000.0, 0.0005618], [122919000.0, 9.415e-05], [122918000.0, 0.01909228], [122917000.0, 0.00013133], [122916000.0, 0.00013017], [122908000.0, 0.00122025], [122907000.0, 0.00081362], [122901000.0, 0.05], [122900000.0, 0.08244061]], "asks": [[122957000.0, 0.01291406], [122958000.0, 0.01250183], [122961000.0, 0.00073311], [122976000.0, 0.11565782], [122977000.0, 0.11565782], [122981000.0, 0.00243877], [122983000.0, 0.00053439], [122989000.0, 0.00040701], [122990000.0, 0.93964166], [122995000.0, 0.35362123]]},
{"timestamp": 1743933215704, "bids": [[122921000.0, 0.03603572], [122920000.0, 0.0005618], [122919000.0, 9.415e-05], [122918000.0, 0.01909228], [122917000.0, 0.00013133], [122916000.0, 0.00013017], [122908000.0, 0.00122025], [122907000.0, 0.00081362], [122901000.0, 0.05], [122900000.0, 0.08244061]], "asks": [[122957000.0, 0.01291406], [122958000.0, 0.01250183], [122961000.0, 0.00073311], [122976000.0, 0.11565782], [122977000.0, 0.11565782], [122981000.0, 0.00243877], [122983000.0, 0.00053439], [122989000.0, 0.00040701], [122990000.0, 0.93964166], [122995000.0, 0.35362123]]},
{"timestamp": 1743933215804, "bids": [[122921000.0, 0.03603572], [122920000.0, 0.0005618], [122919000.0, 9.415e-05], [122918000.0, 0.01909228], [122917000.0, 0.00013133], [122916000.0, 0.00013017], [122908000.0, 0.00122025], [122907000.0, 0.00081362], [122901000.0, 0.05], [122900000.0, 0.08244061]], "asks": [[122957000.0, 0.01291406], [122958000.0, 0.01250183], [122961000.0, 0.00073311], [122976000.0, 0.11565782], [122977000.0, 0.11565782], [122981000.0, 0.00243877], [122983000.0, 0.00053439], [122989000.0, 0.00040701], [122990000.0, 0.93964166], [122995000.0, 0.35362123]]},
{"timestamp": 1743933215904, "bids": [[122921000.0, 0.03603572], [122920000.0, 0.0005618], [122919000.0, 9.415e-05], [122918000.0, 0.01909228], [122917000.0, 0.00013133], [122916000.0, 0.00013017], [122908000.0, 0.00122025], [122907000.0, 0.00081362], [122901000.0, 0.05], [122900000.0, 0.08244061]], "asks": [[122957000.0, 0.01291406], [122958000.0, 0.01250183], [122961000.0, 0.00073311], [122976000.0, 0.11565782], [122977000.0, 0.11565782], [122981000.0, 0.00243877], [122983000.0, 0.00053439], [122989000.0, 0.00040701], [122990000.0, 0.93964166], [122995000.0, 0.35362123]]},
{"timestamp": 1743933216004, "bids": [[122921000.0, 0.03603572], [122920000.0, 0.0005618], [122919000.0, 9.415e-05], [122918000.0, 0.01909228], [122917000.0, 0.00013133], [122916000.0, 0.00013017], [122908000.0, 0.00122025], [122907000.0, 0.00081362], [122901000.0, 0.05], [122900000.0, 0.08244061]], "asks": [[122957000.0, 0.01291406], [122958000.0, 0.01250183], [122961000.0, 0.00073311], [122976000.0, 0.11565782], [122977000.0, 0.11565782], [122981000.0, 0.00243877], [122983000.0, 0.00053439], [122989000.0, 0.00040701], [122990000.0, 0.93964166], [122995000.0, 0.35362123]]},
{"timestamp": 1743933216104, "bids": [[122921000.0, 0.03603572], [122920000.0, 0.0005618], [122919000.0, 9.415e-05], [122918000.0, 0.01909228], [122917000.0, 0.00013133], [122916000.0, 0.00013017], [122908000.0, 0.00122025], [122907000.0, 0.00081362], [122901000.0, 0.05], [122900000.0, 0.08244061]], "asks": [[122957000.0, 0.01291406], [122958000.0, 0.01250183], [122961000.0, 0.00073311], [122976000.0, 0.11565782], [122977000.0, 0.11565782], [122981000.0, 0.00243877], [122983000.0, 0.00053439], [122989000.0, 0.00040701], [122990000.0, 0.93964166], [122995000.0, 0.35362123]]},
{"timestamp": 1743933216204, "bids": [[122921000.0, 0.05230633], [122920000.0, 0.0005618], [122919000.0, 9.415e-05], [122918000.0, 0.01909228], [122917000.0, 0.00013133], [122916000.0, 0.00013017], [122908000.0, 0.00122025], [122907000.0, 0.00081362], [122901000.0, 0.05], [122900000.0, 0.08244061]], "asks": [[122957000.0, 0.01283274], [122958000.0, 0.01250183], [122961000.0, 0.00073311], [122976000.0, 0.11565782], [122977000.0, 0.11565782], [122981000.0, 0.00243877], [122983000.0, 0.00053439], [122989000.0, 0.00040701], [122990000.0, 0.93964166], [122995000.0, 0.35362123]]},
{"timestamp": 1743933216304, "bids": [[122921000.0, 0.05230633], [122920000.0, 0.0005618], [122919000.0, 9.415e-05], [122918000.0, 0.01909228], [122917000.0, 0.00013133], [122916000.0, 0.00013017], [122908000.0, 0.00122025], [122907000.0, 0.00081362], [122901000.0, 0.05], [122900000.0, 0.08244061]], "asks": [[122957000.0, 0.01283274], [122958000.0, 0.01250183], [122961000.0, 0.00073311], [122976000.0, 0.11565782], [122977000.0, 0.11565782], [122981000.0, 0.00243877], [122983000.0, 0.00053439], [122989000.0, 0.00040701], [122990000.0, 0.93964166], [122995000.0, 0.35362123]]},
{"timestamp": 1743933216904, "bids": [[122921000.0, 0.05230633], [122920000.0, 0.0005618], [122919000.0, 9.415e-05], [122918000.0, 0.01909228], [122917000.0, 0.00013133], [122916000.0, 0.00013017], [122908000.0, 0.00122025], [122907000.0, 0.00081362], [122901000.0, 0.05], [122900000.0, 0.08244061]], "asks": [[122957000.0, 0.01283274], [122958000.0, 0.01250183], [122961000.0, 0.00073311], [122976000.0, 0.11565782], [122977000.0, 0.11565782], [122981000.0, 0.00243877], [122983000.0, 0.00053439], [122989000.0, 0.00040701], [122990000.0, 0.93964166], [122995000.0, 0.35362123]]},
{"timestamp": 1743933217004, "bids": [[122921000.0, 0.05230633], [122920000.0, 0.0005618], [122919000.0, 9.415e-05], [122918000.0, 0.01909228], [122917000.0, 0.00013133], [122916000.0, 0.00013017], [122908000.0, 0.00122025], [122907000.0, 0.00081362], [122901000.0, 0.05], [122900000.0, 0.08244061]], "asks": [[122957000.0, 0.01283274], [122958000.0, 0.01250183], [122961000.0, 0.00073311], [122976000.0, 0.11565782], [122977000.0, 0.11565782], [122981000.0, 0.00243877], [122983000.0, 0.00053439], [122989000.0, 0.00040701], [122990000.0, 0.93964166], [122995000.0, 0.35362123]]},
{"timestamp": 1743933219504, "bids": [[122921000.0, 0.05071654], [122920000.0, 0.0005618], [122919000.0, 9.415e-05], [122918000.0, 0.01909228], [122917000.0, 0.00013133], [122916000.0, 0.00013017], [122908000.0, 0.00122025], [122907000.0, 0.00081362], [122901000.0, 0.05], [122900000.0, 0.08244061]], "asks": [[122957000.0, 0.01283274], [122958000.0, 0.01250183], [122961000.0, 0.00073311], [122976000.0, 0.11565782], [122977000.0, 0.11565782], [122981000.0, 0.00243877], [122983000.0, 0.00053439], [122989000.0, 0.00040701], [122990000.0, 0.93964166], [122995000.0, 0.35362123]]},
{"timestamp": 1743933226704, "bids": [[122921000.0, 0.05071654], [122920000.0, 0.0005618], [122919000.0, 9.415e-05], [122918000.0, 0.01909228], [122917000.0, 0.00013133], [122916000.0, 0.00013017], [122908000.0, 0.00122025], [122907000.0, 0.00081362], [122901000.0, 0.05], [122900000.0, 0.08244061]], "asks": [[122957000.0, 0.01273515], [122958000.0, 0.01250183], [122961000.0, 0.00073311], [122976000.0, 0.11565782], [122977000.0, 0.11565782], [122981000.0, 0.00243877], [122983000.0, 0.00053439], [122989000.0, 0.00040701], [122990000.0, 0.93964166], [122995000.0, 0.35362123]]},
{"timestamp": 1743933228304, "bids": [[122921000.0, 0.05071654], [122920000.0, 0.0005618], [122919000.0, 9.415e-05], [122918000.0, 0.01909228], [122917000.0, 0.00013133], [122916000.0, 0.00013017], [122908000.0, 0.00122025], [122907000.0, 0.00081362], [122901000.0, 0.05], [122900000.0, 0.08244061]], "asks": [[122957000.0, 0.01273515], [122958000.0, 0.01250183], [122961000.0, 0.00073311], [122976000.0, 0.11565782], [122977000.0, 0.11565782], [122981000.0, 0.00243877], [122983000.0, 0.00053439], [122989000.0, 0.00040701], [122990000.0, 0.93964166], [122995000.0, 0.35362123]]},
{"timestamp": 1743933229004, "bids": [[122921000.0, 0.05071654], [122920000.0, 0.0005618], [122919000.0, 9.415e-05], [122918000.0, 0.01909228], [122917000.0, 0.00013133], [122916000.0, 0.00013017], [122908000.0, 0.00122025], [122907000.0, 0.00081362], [122901000.0, 0.05], [122900000.0, 0.08244061]], "asks": [[122957000.0, 0.01273515], [122958000.0, 0.01250183], [122961000.0, 0.00073311], [122976000.0, 0.11565782], [122977000.0, 0.11565782], [122981000.0, 0.00243877], [122983000.0, 0.00053439], [122989000.0, 0.00040701], [122990000.0, 0.93964166], [122995000.0, 0.35362123]]},
{"timestamp": 1743933229104, "bids": [[122921000.0, 0.05071654], [122920000.0, 0.0005618], [122919000.0, 9.415e-05], [122918000.0, 0.01909228], [122917000.0, 0.00013133], [122916000.0, 0.00013017], [122908000.0, 0.00122025], [122907000.0, 0.00081362], [122901000.0, 0.05], [122900000.0, 0.08244061]], "asks": [[122957000.0, 0.01273515], [122958000.0, 0.01250183], [122961000.0, 0.00073311], [122976000.0, 0.11565782], [122977000.0, 0.11565782], [122981000.0, 0.00243877], [122983000.0, 0.00053439], [122989000.0, 0.00040701], [122990000.0, 0.93964166], [122995000.0, 0.35362123]]},
{"timestamp": 1743933230104, "bids": [[122921000.0, 0.0511233], [122920000.0, 0.0005618], [122919000.0, 9.415e-05], [122918000.0, 0.01909228], [122917000.0, 0.00013133], [122916000.0, 0.00013017], [122908000.0, 0.00122025], [122907000.0, 0.00081362], [122901000.0, 0.05], [122900000.0, 0.08244061]], "asks": [[122957000.0, 0.01273515], [122958000.0, 0.01250183], [122961000.0, 0.00073311], [122976000.0, 0.11565782], [122977000.0, 0.11565782], [122981000.0, 0.00243877], [122983000.0, 0.00053439], [122989000.0, 0.00040701], [122990000.0, 0.93964166], [122995000.0, 0.35362123]]},
{"timestamp": 1743933230204, "bids": [[122921000.0, 0.0511233], [122920000.0, 0.0005618], [122919000.0, 9.415e-05], [122918000.0, 0.01909228], [122917000.0, 0.00013133], [122916000.0, 0.00013017], [122908000.0, 0.00122025], [122907000.0, 0.00081362], [122901000.0, 0.05], [122900000.0, 0.08244061]], "asks": [[122957000.0, 0.01273515], [122958000.0, 0.01250183], [122961000.0, 0.00073311], [122976000.0, 0.11565782], [122977000.0, 0.11565782], [122981000.0, 0.00243877], [122983000.0, 0.00053439], [122989000.0, 0.00040701], [122990000.0, 0.93964166], [122995000.0, 0.35362123]]},
{"timestamp": 1743933230304, "bids": [[122921000.0, 0.0511233], [122920000.0, 0.0005618], [122919000.0, 9.415e-05], [122918000.0, 0.01909228], [122917000.0, 0.00013133], [122916000.0, 0.00013017], [122908000.0, 0.00122025], [122907000.0, 0.00081362], [122901000.0, 0.05], [122900000.0, 0.08244061]], "asks": [[122957000.0, 0.01273515], [122958000.0, 0.01250183], [122961000.0, 0.00073311], [122976000.0, 0.11565782], [122977000.0, 0.11565782], [122981000.0, 0.00243877], [122983000.0, 0.00053439], [122989000.0, 0.00040701], [122990000.0, 0.93964166], [122995000.0, 0.35362123]]},
{"timestamp": 1743933231904, "bids": [[122921000.0, 0.0511233], [122920000.0, 0.0005618], [122919000.0, 9.415e-05], [122918000.0, 0.01909228], [122917000.0, 0.00013133], [122916000.0, 0.00013017], [122908000.0, 0.00122025], [122907000.0, 0.00081362], [122901000.0, 0.05], [122900000.0, 0.08244061]], "asks": [[122957000.0, 0.01273515], [122958000.0, 0.01250183], [122961000.0, 0.00073311], [122976000.0, 0.11565782], [122977000.0, 0.11565782], [122981000.0, 0.00243877], [122983000.0, 0.00053439], [122989000.0, 0.00040701], [122990000.0, 0.93964166], [122995000.0, 0.35362123]]},
{"timestamp": 1743933232004, "bids": [[122921000.0, 0.0511233], [122920000.0, 0.0005618], [122919000.0, 9.415e-05], [122918000.0, 0.01909228], [122917000.0, 0.00013133], [122916000.0, 0.00013017], [122908000.0, 0.00122025], [122907000.0, 0.00081362], [122901000.0, 0.05], [122900000.0, 0.08244061]], "asks": [[122957000.0, 0.01273515], [122958000.0, 0.01250183], [122961000.0, 0.00073311], [122976000.0, 0.11565782], [122977000.0, 0.11565782], [122981000.0, 0.00243877], [122983000.0, 0.00053439], [122989000.0, 0.00040701], [122990000.0, 0.93964166], [122995000.0, 0.35362123]]},
{"timestamp": 1743933232304, "bids": [[122922000.0, 0.00813524], [122921000.0, 0.0511233], [122920000.0, 0.0005618], [122919000.0, 9.415e-05], [122918000.0, 0.01909228], [122917000.0, 0.00013133], [122916000.0, 0.00013017], [122908000.0, 0.00122025], [122907000.0, 0.00081362], [122901000.0, 0.05]], "asks": [[122957000.0, 0.01273515], [122958000.0, 0.01250183], [122961000.0, 0.00073311], [122976000.0, 0.11565782], [122977000.0, 0.11565782], [122981000.0, 0.00243877], [122983000.0, 0.00053439], [122989000.0, 0.00040701], [122990000.0, 0.93964166], [122995000.0, 0.35362123]]},
{"timestamp": 1743933233404, "bids": [[122922000.0, 0.00813524], [122921000.0, 0.0511233], [122920000.0, 0.0005618], [122919000.0, 9.415e-05], [122918000.0, 0.01909228], [122917000.0, 0.00013133], [122916000.0, 0.00013017], [122908000.0, 0.00122025], [122907000.0, 0.00081362], [122901000.0, 0.05]], "asks": [[122957000.0, 0.01273515], [122958000.0, 0.01250183], [122961000.0, 0.00073311], [122976000.0, 0.11565782], [122977000.0, 0.11565782], [122981000.0, 0.00243877], [122983000.0, 0.00053439], [122989000.0, 0.00040701], [122990000.0, 0.93964166], [122995000.0, 0.35362123]]},
{"timestamp": 1743933233504, "bids": [[122922000.0, 0.00813524], [122921000.0, 0.0511233], [122920000.0, 0.0005618], [122919000.0, 9.415e-05], [122918000.0, 0.01909228], [122917000.0, 0.00013133], [122916000.0, 0.00013017], [122908000.0, 0.00122025], [122907000.0, 0.00081362], [122901000.0, 0.05]], "asks": [[122957000.0, 0.01273515], [122958000.0, 0.01250183], [122961000.0, 0.00073311], [122976000.0, 0.11565782], [122977000.0, 0.11565782], [122981000.0, 0.00243877], [122983000.0, 0.00053439], [122989000.0, 0.00040701], [122990000.0, 0.93964166], [122995000.0, 0.35362123]]},
{"timestamp": 1743933234504, "bids": [[122922000.0, 0.00813524], [122921000.0, 0.0511233], [122920000.0, 0.0005618], [122919000.0, 9.415e-05], [122918000.0, 0.01909228], [122917000.0, 0.00013133], [122916000.0, 0.00013017], [122908000.0, 0.00122025], [122907000.0, 0.00081362], [122901000.0, 0.05]], "asks": [[122957000.0, 0.01273515], [122958000.0, 0.01250183], [122961000.0, 0.00073311], [122976000.0, 0.11565782], [122977000.0, 0.11565782], [122981000.0, 0.00243877], [122983000.0, 0.00053439], [122989000.0, 0.00040701], [122990000.0, 0.93964166], [122995000.0, 0.35362123]]},
{"timestamp": 1743933234704, "bids": [[122922000.0, 0.00813524], [122921000.0, 0.0511233], [122920000.0, 0.0005618], [122919000.0, 9.415e-05], [122918000.0, 0.01909228], [122917000.0, 0.00013133], [122916000.0, 0.00013017], [122908000.0, 0.00122025], [122907000.0, 0.00081362], [122901000.0, 0.05]], "asks": [[122957000.0, 0.01273515], [122958000.0, 0.01250183], [122961000.0, 0.00073311], [122976000.0, 0.11565782], [122977000.0, 0.11565782], [122981000.0, 0.00243877], [122983000.0, 0.00053439], [122989000.0, 0.00040701], [122990000.0, 0.93964166], [122995000.0, 0.35362123]]},
{"timestamp": 1743933235704, "bids": [[122922000.0, 0.00813524], [122921000.0, 0.0511233], [122920000.0, 0.0005618], [122919000.0, 9.415e-05], [122918000.0, 0.01909228], [122917000.0, 0.00013133], [122916000.0, 0.00013017], [122908000.0, 0.00122025], [122907000.0, 0.00081362], [122901000.0, 0.05]], "asks": [[122957000.0, 0.01273515], [122958000.0, 0.01250183], [122961000.0, 0.00073311], [122976000.0, 0.11565782], [122977000.0, 0.11565782], [122981000.0, 0.00243877], [122983000.0, 0.00053439], [122989000.0, 0.00040701], [122990000.0, 0.93964166], [122995000.0, 0.35362123]]},
{"timestamp": 1743933235904, "bids": [[122922000.0, 0.00813524], [122921000.0, 0.0511233], [122920000.0, 0.0005618], [122919000.0, 9.415e-05], [122918000.0, 0.01909228], [122917000.0, 0.00013133], [122916000.0, 0.00013017], [122908000.0, 0.00122025], [122907000.0, 0.00081362], [122901000.0, 0.05]], "asks": [[122957000.0, 0.01273515], [122958000.0, 0.01250183], [122961000.0, 0.00073311], [122976000.0, 0.11565782], [122977000.0, 0.11565782], [122981000.0, 0.00243877], [122983000.0, 0.00053439], [122989000.0, 0.00040701], [122990000.0, 0.93964166], [122995000.0, 0.35362123]]},
{"timestamp": 1743933236904, "bids": [[122922000.0, 0.00813524], [122921000.0, 0.0511233], [122920000.0, 0.0005618], [122919000.0, 9.415e-05], [122918000.0, 0.01909228], [122917000.0, 0.00013133], [122916000.0, 0.00013017], [122908000.0, 0.00122025], [122907000.0, 0.00081362], [122901000.0, 0.05]], "asks": [[122957000.0, 0.01273515], [122958000.0, 0.01250183], [122961000.0, 0.00073311], [122976000.0, 0.11565782], [122977000.0, 0.11565782], [122981000.0, 0.00243877], [122983000.0, 0.00053439], [122989000.0, 0.00040701], [122990000.0, 0.93964166], [122995000.0, 0.35362123]]},
{"timestamp": 1743933237004, "bids": [[122922000.0, 0.00813524], [122921000.0, 0.0511233], [122920000.0, 0.0005618], [122919000.0, 9.415e-05], [122918000.0, 0.01909228], [122917000.0, 0.00013133], [122916000.0, 0.00013017], [122908000.0, 0.00122025], [122907000.0, 0.00081362], [122901000.0, 0.05]], "asks": [[122957000.0, 0.01273515], [122958000.0, 0.01250183], [122961000.0, 0.00073311], [122976000.0, 0.11565782], [122977000.0, 0.11565782], [122981000.0, 0.00243877], [122983000.0, 0.00053439], [122989000.0, 0.00040701], [122990000.0, 0.93964166], [122995000.0, 0.35362123]]},
{"timestamp": 1743933238004, "bids": [[122922000.0, 0.00813524], [122921000.0, 0.0511233], [122920000.0, 0.0005618], [122919000.0, 9.415e-05], [122918000.0, 0.01909228], [122917000.0, 0.00013133], [122916000.0, 0.00013017], [122908000.0, 0.00122025], [122907000.0, 0.00081362], [122901000.0, 0.05]], "asks": [[122957000.0, 0.01273515], [122958000.0, 0.01250183], [122961000.0, 0.00073311], [122976000.0, 0.11565782], [122977000.0, 0.11565782], [122981000.0, 0.00243877], [122983000.0, 0.00053439], [122989000.0, 0.00040701], [122990000.0, 0.93964166], [122995000.0, 0.35362123]]},
{"timestamp": 1743933238204, "bids": [[122922000.0, 0.00813524], [122921000.0, 0.0511233], [122920000.0, 0.0005618], [122919000.0, 9.415e-05], [122918000.0, 0.01909228], [122917000.0, 0.00013133], [122916000.0, 0.00013017], [122908000.0, 0.00122025], [122907000.0, 0.00081362], [122901000.0, 0.05]], "asks": [[122957000.0, 0.01273515], [122958000.0, 0.01250183], [122961000.0, 0.00073311], [122976000.0, 0.11565782], [122977000.0, 0.11565782], [122981000.0, 0.00243877], [122983000.0, 0.00053439], [122989000.0, 0.00040701], [122990000.0, 0.93964166], [122995000.0, 0.35362123]]},
{"timestamp": 1743933239504, "bids": [[122922000.0, 0.00813524], [122921000.0, 0.0511233], [122920000.0, 0.0005618], [122919000.0, 9.415e-05], [122918000.0, 0.01909228], [122917000.0, 0.00013133], [122916000.0, 0.00013017], [122908000.0, 0.00122025], [122907000.0, 0.00081362], [122901000.0, 0.05]], "asks": [[122957000.0, 0.01273515], [122958000.0, 0.01250183], [122961000.0, 0.00073311], [122976000.0, 0.11565782], [122977000.0, 0.11565782], [122981000.0, 0.00243877], [122983000.0, 0.00053439], [122989000.0, 0.00040701], [122990000.0, 0.93964166], [122995000.0, 0.35362123]]},
{"timestamp": 1743933239704, "bids": [[122922000.0, 0.00813524], [122921000.0, 0.0511233], [122920000.0, 0.0005618], [122919000.0, 9.415e-05], [122918000.0, 0.01909228], [122917000.0, 0.00013133], [122916000.0, 0.00013017], [122908000.0, 0.00122025], [122907000.0, 0.00081362], [122901000.0, 0.05]], "asks": [[122957000.0, 0.01273515], [122958000.0, 0.01250183], [122961000.0, 0.00073311], [122976000.0, 0.11565782], [122977000.0, 0.11565782], [122981000.0, 0.00243877], [122983000.0, 0.00053439], [122989000.0, 0.00040701], [122990000.0, 0.93964166], [122995000.0, 0.35362123]]},
{"timestamp": 1743933240404, "bids": [[122922000.0, 0.00813524], [122921000.0, 0.0511233], [122920000.0, 0.0005618], [122919000.0, 9.415e-05], [122918000.0, 0.01909228], [122917000.0, 0.00013133], [122916000.0, 0.00013017], [122908000.0, 0.00122025], [122907000.0, 0.00081362], [122901000.0, 0.05]], "asks": [[122957000.0, 0.01184872], [122958000.0, 0.01250183], [122961000.0, 0.00073311], [122976000.0, 0.11565782], [122977000.0, 0.11565782], [122981000.0, 0.00243877], [122983000.0, 0.00053439], [122989000.0, 0.00040701], [122990000.0, 0.93964166], [122995000.0, 0.35362123]]},
{"timestamp": 1743933241704, "bids": [[122922000.0, 0.00813524], [122921000.0, 0.0511233], [122920000.0, 0.0005618], [122919000.0, 9.415e-05], [122918000.0, 0.01909228], [122917000.0, 0.00013133], [122916000.0, 0.00013017], [122908000.0, 0.00122025], [122907000.0, 0.00081362], [122901000.0, 0.05]], "asks": [[122957000.0, 0.01998165], [122958000.0, 0.01250183], [122961000.0, 0.00073311], [122976000.0, 0.11565782], [122977000.0, 0.11565782], [122981000.0, 0.00243877], [122983000.0, 0.00053439], [122989000.0, 0.00040701], [122990000.0, 0.93964166], [122995000.0, 0.35362123]]},
{"timestamp": 1743933244904, "bids": [[122922000.0, 0.00813524], [122921000.0, 0.0511233], [122920000.0, 0.0005618], [122919000.0, 9.415e-05], [122918000.0, 0.01909228], [122917000.0, 0.00013133], [122916000.0, 0.00013017], [122908000.0, 0.00122025], [122907000.0, 0.00081362], [122901000.0, 0.05]], "asks": [[122957000.0, 0.01998165], [122958000.0, 0.02063469], [122961000.0, 0.00073311], [122976000.0, 0.11565782], [122977000.0, 0.11565782], [122981000.0, 0.00243877], [122983000.0, 0.00053439], [122989000.0, 0.00040701], [122990000.0, 0.93964166], [122995000.0, 0.35362123]]},
{"timestamp": 1743933245904, "bids": [[122921000.0, 0.05033766], [122920000.0, 0.0005618], [122919000.0, 9.415e-05], [122918000.0, 0.01909228], [122917000.0, 0.00013133], [122916000.0, 0.00013017], [122908000.0, 0.00122025], [122907000.0, 0.00081362], [122901000.0, 0.05], [122900000.0, 0.08244061]], "asks": [[122957000.0, 0.01998165], [122958000.0, 0.02063469], [122961000.0, 0.00073311], [122976000.0, 0.11565782], [122977000.0, 0.11565782], [122981000.0, 0.00243877], [122983000.0, 0.00053439], [122989000.0, 0.00040701], [122990000.0, 0.93964166], [122995000.0, 0.35362123]]},
{"timestamp": 1743933248004, "bids": [[122921000.0, 0.04987149], [122920000.0, 0.0005618], [122919000.0, 9.415e-05], [122918000.0, 0.01909228], [122917000.0, 0.00013133], [122916000.0, 0.00013017], [122908000.0, 0.00122025], [122907000.0, 0.00081362], [122901000.0, 0.05], [122900000.0, 0.08244061]], "asks": [[122957000.0, 0.01998165], [122958000.0, 0.02063469], [122961000.0, 0.00073311], [122976000.0, 0.11565782], [122977000.0, 0.11565782], [122981000.0, 0.00243877], [122983000.0, 0.00053439], [122989000.0, 0.00040701], [122990000.0, 0.93964166], [122995000.0, 0.35362123]]},
{"timestamp": 1743933251204, "bids": [[122921000.0, 0.04987149], [122920000.0, 0.0005618], [122919000.0, 9.415e-05], [122918000.0, 0.01909228], [122917000.0, 0.00013133], [122916000.0, 0.00013017], [122908000.0, 0.00122025], [122907000.0, 0.00081362], [122901000.0, 0.05], [122900000.0, 0.08244061]], "asks": [[122957000.0, 0.01998165], [122958000.0, 0.02063469], [122961000.0, 0.00073311], [122976000.0, 0.11565782], [122977000.0, 0.11565782], [122981000.0, 0.00243877], [122983000.0, 0.00053439], [122989000.0, 0.00040701], [122990000.0, 0.93964166], [122995000.0, 0.35362123]]},
{"timestamp": 1743933251404, "bids": [[122921000.0, 0.04987149], [122920000.0, 0.0005618], [122919000.0, 9.415e-05], [122918000.0, 0.01909228], [122917000.0, 0.00013133], [122916000.0, 0.00013017], [122908000.0, 0.00122025], [122907000.0, 0.00081362], [122901000.0, 0.05], [122900000.0, 0.08244061]], "asks": [[122957000.0, 0.01998165], [122958000.0, 0.02063469], [122961000.0, 0.00073311], [122976000.0, 0.11565782], [122977000.0, 0.11565782], [122981000.0, 0.00243877], [122983000.0, 0.00053439], [122989000.0, 0.00040701], [122990000.0, 0.93964166], [122995000.0, 0.35362123]]},
{"timestamp": 1743933251804, "bids": [[122921000.0, 0.0483655], [122920000.0, 0.0005618], [122919000.0, 9.415e-05], [122918000.0, 0.01909228], [122917000.0, 0.00013133], [122916000.0, 0.00013017], [122908000.0, 0.00122025], [122907000.0, 0.00081362], [122901000.0, 0.05], [122900000.0, 0.08244061]], "asks": [[122957000.0, 0.01998165], [122958000.0, 0.02063469], [122961000.0, 0.00073311], [122976000.0, 0.11565782], [122977000.0, 0.11565782], [122981000.0, 0.00243877], [122983000.0, 0.00053439], [122989000.0, 0.00040701], [122990000.0, 0.93964166], [122995000.0, 0.35362123]]},
{"timestamp": 1743933251904, "bids": [[122921000.0, 0.0483655], [122920000.0, 0.0005618], [122919000.0, 9.415e-05], [122918000.0, 0.01909228], [122917000.0, 0.00013133], [122916000.0, 0.00013017], [122908000.0, 0.00122025], [122907000.0, 0.00081362], [122901000.0, 0.05], [122900000.0, 0.08244061]], "asks": [[122957000.0, 0.01998165], [122958000.0, 0.02063469], [122961000.0, 0.00073311], [122976000.0, 0.11565782], [122977000.0, 0.11565782], [122981000.0, 0.00243877], [122983000.0, 0.00053439], [122989000.0, 0.00040701], [122990000.0, 0.93964166], [122995000.0, 0.35362123]]},
{"timestamp": 1743933252004, "bids": [[122921000.0, 0.0483655], [122920000.0, 0.0005618], [122919000.0, 9.415e-05], [122918000.0, 0.01909228], [122917000.0, 0.00013133], [122916000.0, 0.00013017], [122908000.0, 0.00122025], [122907000.0, 0.00081362], [122901000.0, 0.05], [122900000.0, 0.08244061]], "asks": [[122957000.0, 0.01998165], [122958000.0, 0.02063469], [122961000.0, 0.00073311], [122976000.0, 0.11565782], [122977000.0, 0.11565782], [122981000.0, 0.00243877], [122983000.0, 0.00053439], [122989000.0, 0.00040701], [122990000.0, 0.93964166], [122995000.0, 0.35362123]]},
{"timestamp": 1743933252104, "bids": [[122921000.0, 0.0483655], [122920000.0, 0.0005618], [122919000.0, 9.415e-05], [122918000.0, 0.01909228], [122917000.0, 0.00013133], [122916000.0, 0.00013017], [122908000.0, 0.00122025], [122907000.0, 0.00081362], [122901000.0, 0.05], [122900000.0, 0.08244061]], "asks": [[122957000.0, 0.01998165], [122958000.0, 0.02063469], [122961000.0, 0.00073311], [122976000.0, 0.11565782], [122977000.0, 0.11565782], [122981000.0, 0.00243877], [122983000.0, 0.00053439], [122989000.0, 0.00040701], [122990000.0, 0.93964166], [122995000.0, 0.35362123]]},
{"timestamp": 1743933252204, "bids": [[122921000.0, 0.0483655], [122920000.0, 0.0005618], [122919000.0, 9.415e-05], [122918000.0, 0.01909228], [122917000.0, 0.00013133], [122916000.0, 0.00013017], [122908000.0, 0.00122025], [122907000.0, 0.00081362], [122901000.0, 0.05], [122900000.0, 0.08244061]], "asks": [[122957000.0, 0.01998165], [122958000.0, 0.02063469], [122961000.0, 0.00073311], [122976000.0, 0.11565782], [122977000.0, 0.11565782], [122981000.0, 0.00243877], [122983000.0, 0.00053439], [122989000.0, 0.00040701], [122990000.0, 0.93964166], [122995000.0, 0.35362123]]},
{"timestamp": 1743933252304, "bids": [[122921000.0, 0.0483655], [122920000.0, 0.0005618], [122919000.0, 9.415e-05], [122918000.0, 0.01909228], [122917000.0, 0.00013133], [122916000.0, 0.00013017], [122908000.0, 0.00122025], [122907000.0, 0.00081362], [122901000.0, 0.05], [122900000.0, 0.08244061]], "asks": [[122957000.0, 0.01998165], [122958000.0, 0.02063469], [122961000.0, 0.00073311], [122976000.0, 0.11565782], [122977000.0, 0.11565782], [122981000.0, 0.00243877], [122983000.0, 0.00053439], [122989000.0, 0.00040701], [122990000.0, 0.93964166], [122995000.0, 0.35362123]]},
{"timestamp": 1743933252404, "bids": [[122921000.0, 0.0483655], [122920000.0, 0.0005618], [122919000.0, 9.415e-05], [122918000.0, 0.01909228], [122917000.0, 0.00013133], [122916000.0, 0.00013017], [122908000.0, 0.00122025], [122907000.0, 0.00081362], [122901000.0, 0.05], [122900000.0, 0.08244061]], "asks": [[122957000.0, 0.01998165], [122958000.0, 0.02063469], [122961000.0, 0.00073311], [122976000.0, 0.11565782], [122977000.0, 0.11565782], [122981000.0, 0.00243877], [122983000.0, 0.00053439], [122989000.0, 0.00040701], [122990000.0, 0.93964166], [122995000.0, 0.35362123]]},
{"timestamp": 1743933252504, "bids": [[122921000.0, 0.0483655], [122920000.0, 0.0005618], [122919000.0, 9.415e-05], [122918000.0, 0.01909228], [122917000.0, 0.00013133], [122916000.0, 0.00013017], [122908000.0, 0.00122025], [122907000.0, 0.00081362], [122901000.0, 0.05], [122900000.0, 0.08244061]], "asks": [[122957000.0, 0.01998165], [122958000.0, 0.02063469], [122961000.0, 0.00073311], [122976000.0, 0.11565782], [122977000.0, 0.11565782], [122980000.0, 0.00652584], [122981000.0, 0.00243877], [122983000.0, 0.00053439], [122989000.0, 0.00040701], [122990000.0, 0.93964166]]},
{"timestamp": 1743933252604, "bids": [[122921000.0, 0.0483655], [122920000.0, 0.0005618], [122919000.0, 9.415e-05], [122918000.0, 0.01909228], [122917000.0, 0.00013133], [122916000.0, 0.00013017], [122908000.0, 0.00122025], [122907000.0, 0.00081362], [122901000.0, 0.05], [122900000.0, 0.08244061]], "asks": [[122957000.0, 0.01998165], [122958000.0, 0.02063469], [122961000.0, 0.00073311], [122976000.0, 0.11565782], [122977000.0, 0.11565782], [122980000.0, 0.00652584], [122981000.0, 0.00243877], [122983000.0, 0.00053439], [122989000.0, 0.00040701], [122990000.0, 0.93964166]]},
{"timestamp": 1743933252704, "bids": [[122921000.0, 0.0483655], [122920000.0, 0.0005618], [122919000.0, 9.415e-05], [122918000.0, 0.01909228], [122917000.0, 0.00013133], [122916000.0, 0.00013017], [122908000.0, 0.00122025], [122907000.0, 0.00081362], [122901000.0, 0.05], [122900000.0, 0.08244061]], "asks": [[122957000.0, 0.01998165], [122958000.0, 0.02063469], [122961000.0, 0.00073311], [122976000.0, 0.11565782], [122977000.0, 0.11565782], [122980000.0, 0.00652584], [122981000.0, 0.00243877], [122983000.0, 0.00053439], [122989000.0, 0.00040701], [122990000.0, 0.93964166]]},
{"timestamp": 1743933252804, "bids": [[122921000.0, 0.0483655], [122920000.0, 0.0005618], [122919000.0, 9.415e-05], [122918000.0, 0.01909228], [122917000.0, 0.00013133], [122916000.0, 0.00013017], [122908000.0, 0.00122025], [122907000.0, 0.00081362], [122901000.0, 0.05], [122900000.0, 0.08244061]], "asks": [[122957000.0, 0.01998165], [122958000.0, 0.02063469], [122961000.0, 0.00073311], [122976000.0, 0.11565782], [122977000.0, 0.11565782], [122980000.0, 0.00652584], [122981000.0, 0.00243877], [122983000.0, 0.00053439], [122989000.0, 0.00040701], [122990000.0, 0.93964166]]},
{"timestamp": 1743933252904, "bids": [[122921000.0, 0.0483655], [122920000.0, 0.0005618], [122919000.0, 9.415e-05], [122918000.0, 0.01909228], [122917000.0, 0.00013133], [122916000.0, 0.00013017], [122908000.0, 0.00122025], [122907000.0, 0.00081362], [122901000.0, 0.05], [122900000.0, 0.08244061]], "asks": [[122957000.0, 0.01998165], [122958000.0, 0.02063469], [122961000.0, 0.00073311], [122976000.0, 0.11565782], [122977000.0, 0.11565782], [122980000.0, 0.00652584], [122981000.0, 0.00243877], [122983000.0, 0.00053439], [122989000.0, 0.00040701], [122990000.0, 0.93964166]]},
{"timestamp": 1743933253004, "bids": [[122921000.0, 0.0483655], [122920000.0, 0.0005618], [122919000.0, 9.415e-05], [122918000.0, 0.01909228], [122917000.0, 0.00013133], [122916000.0, 0.00013017], [122908000.0, 0.00122025], [122907000.0, 0.00081362], [122901000.0, 0.05], [122900000.0, 0.08244061]], "asks": [[122957000.0, 0.01998165], [122958000.0, 0.02063469], [122961000.0, 0.00073311], [122976000.0, 0.11565782], [122977000.0, 0.11565782], [122980000.0, 0.00652584], [122981000.0, 0.00243877], [122983000.0, 0.00053439], [122989000.0, 0.00040701], [122990000.0, 0.93964166]]},
{"timestamp": 1743933253104, "bids": [[122921000.0, 0.04804023], [122920000.0, 0.0005618], [122919000.0, 9.415e-05], [122918000.0, 0.01909228], [122917000.0, 0.00013133], [122916000.0, 0.00013017], [122908000.0, 0.00122025], [122907000.0, 0.00081362], [122901000.0, 0.05], [122900000.0, 0.08244061]], "asks": [[122957000.0, 0.01998165], [122958000.0, 0.02063469], [122961000.0, 0.00073311], [122976000.0, 0.11565782], [122977000.0, 0.11565782], [122980000.0, 0.00652584], [122981000.0, 0.00243877], [122983000.0, 0.00053439], [122989000.0, 0.00040701], [122990000.0, 0.93964166]]},
{"timestamp": 1743933253204, "bids": [[122921000.0, 0.04804023], [122920000.0, 0.0005618], [122919000.0, 9.415e-05], [122918000.0, 0.01909228], [122917000.0, 0.00013133], [122916000.0, 0.00013017], [122908000.0, 0.00122025], [122907000.0, 0.00081362], [122901000.0, 0.05], [122900000.0, 0.08244061]], "asks": [[122957000.0, 0.01998165], [122958000.0, 0.02063469], [122961000.0, 0.00073311], [122976000.0, 0.11565782], [122977000.0, 0.11565782], [122980000.0, 0.00652584], [122981000.0, 0.00243877], [122983000.0, 0.00053439], [122989000.0, 0.00040701], [122990000.0, 0.93964166]]},
{"timestamp": 1743933253304, "bids": [[122921000.0, 0.04804023], [122920000.0, 0.0005618], [122919000.0, 9.415e-05], [122918000.0, 0.01909228], [122917000.0, 0.00013133], [122916000.0, 0.00013017], [122908000.0, 0.00122025], [122907000.0, 0.00081362], [122901000.0, 0.05], [122900000.0, 0.08244061]], "asks": [[122957000.0, 0.01998165], [122958000.0, 0.02063469], [122961000.0, 0.00073311], [122976000.0, 0.11565782], [122977000.0, 0.11565782], [122980000.0, 0.00652584], [122981000.0, 0.00243877], [122983000.0, 0.00053439], [122989000.0, 0.00040701], [122990000.0, 0.93964166]]},
{"timestamp": 1743933253404, "bids": [[122921000.0, 0.04804023], [122920000.0, 0.0005618], [122919000.0, 9.415e-05], [122918000.0, 0.01909228], [122917000.0, 0.00013133], [122916000.0, 0.00013017], [122908000.0, 0.00122025], [122907000.0, 0.00081362], [122901000.0, 0.05], [122900000.0, 0.08244061]], "asks": [[122957000.0, 0.01998165], [122958000.0, 0.02063469], [122961000.0, 0.00073311], [122976000.0, 0.11565782], [122977000.0, 0.11565782], [122980000.0, 0.00652584], [122981000.0, 0.00243877], [122983000.0, 0.00053439], [122989000.0, 0.00040701], [122990000.0, 0.93964166]]},
{"timestamp": 1743933253504, "bids": [[122921000.0, 0.04804023], [122920000.0, 0.0005618], [122919000.0, 9.415e-05], [122918000.0, 0.01909228], [122917000.0, 0.00013133], [122916000.0, 0.00013017], [122908000.0, 0.00122025], [122907000.0, 0.00081362], [122901000.0, 0.05], [122900000.0, 0.08244061]], "asks": [[122957000.0, 0.01998165], [122958000.0, 0.02063469], [122961000.0, 0.00073311], [122976000.0, 0.11565782], [122977000.0, 0.11565782], [122980000.0, 0.00652584], [122981000.0, 0.00243877], [122983000.0, 0.00053439], [122989000.0, 0.00040701], [122990000.0, 0.93964166]]},
{"timestamp": 1743933253604, "bids": [[122921000.0, 0.04804023], [122920000.0, 0.0005618], [122919000.0, 9.415e-05], [122918000.0, 0.01909228], [122917000.0, 0.00013133], [122916000.0, 0.00013017], [122908000.0, 0.00122025], [122907000.0, 0.00081362], [122901000.0, 0.05], [122900000.0, 0.08244061]], "asks": [[122957000.0, 0.01998165], [122958000.0, 0.02063469], [122961000.0, 0.00073311], [122976000.0, 0.11565782], [122977000.0, 0.11565782], [122980000.0, 0.00652584], [122981000.0, 0.00243877], [122983000.0, 0.00053439], [122989000.0, 0.00040701], [122990000.0, 0.93964166]]},
{"timestamp": 1743933253704, "bids": [[122921000.0, 0.04804023], [122920000.0, 0.0005618], [122919000.0, 9.415e-05], [122918000.0, 0.01909228], [122917000.0, 0.00013133], [122916000.0, 0.00013017], [122908000.0, 0.00122025], [122907000.0, 0.00081362], [122901000.0, 0.05], [122900000.0, 0.08244061]], "asks": [[122957000.0, 0.01998165], [122958000.0, 0.02063469], [122961000.0, 0.00073311], [122976000.0, 0.11565782], [122977000.0, 0.11565782], [122980000.0, 0.00652584], [122981000.0, 0.00243877], [122983000.0, 0.00053439], [122989000.0, 0.00040701], [122990000.0, 0.93964166]]},
{"timestamp": 1743933253804, "bids": [[122921000.0, 0.04804023], [122920000.0, 0.0005618], [122919000.0, 9.415e-05], [122918000.0, 0.01909228], [122917000.0, 0.00013133], [122916000.0, 0.00013017], [122908000.0, 0.00122025], [122907000.0, 0.00081362], [122901000.0, 0.05], [122900000.0, 0.08244061]], "asks": [[122957000.0, 0.01998165], [122958000.0, 0.02063469], [122961000.0, 0.00073311], [122976000.0, 0.11565782], [122977000.0, 0.11565782], [122980000.0, 0.00652584], [122981000.0, 0.00243877], [122983000.0, 0.00053439], [122989000.0, 0.00040701], [122990000.0, 0.93964166]]},
{"timestamp": 1743933253904, "bids": [[122921000.0, 0.04804023], [122920000.0, 0.0005618], [122919000.0, 9.415e-05], [122918000.0, 0.01909228], [122917000.0, 0.00013133], [122916000.0, 0.00013017], [122908000.0, 0.00122025], [122907000.0, 0.00081362], [122901000.0, 0.05], [122900000.0, 0.08244061]], "asks": [[122957000.0, 0.01998165], [122958000.0, 0.02063469], [122961000.0, 0.00073311], [122976000.0, 0.11565782], [122977000.0, 0.11565782], [122980000.0, 0.00652584], [122981000.0, 0.00243877], [122983000.0, 0.00053439], [122989000.0, 0.00040701], [122990000.0, 0.93964166]]},
{"timestamp": 1743933254004, "bids": [[122921000.0, 0.04804023], [122920000.0, 0.0005618], [122919000.0, 9.415e-05], [122918000.0, 0.01909228], [122917000.0, 0.00013133], [122916000.0, 0.00013017], [122908000.0, 0.00122025], [122907000.0, 0.00081362], [122901000.0, 0.05], [122900000.0, 0.08244061]], "asks": [[122957000.0, 0.01998165], [122958000.0, 0.02063469], [122961000.0, 0.00073311], [122976000.0, 0.11565782], [122977000.0, 0.11565782], [122980000.0, 0.00652584], [122981000.0, 0.00243877], [122983000.0, 0.00053439], [122989000.0, 0.00040701], [122990000.0, 0.93964166]]},
{"timestamp": 1743933254104, "bids": [[122921000.0, 0.04804023], [122920000.0, 0.0005618], [122919000.0, 9.415e-05], [122918000.0, 0.01909228], [122917000.0, 0.00013133], [122916000.0, 0.00013017], [122908000.0, 0.00122025], [122907000.0, 0.00081362], [122901000.0, 0.05], [122900000.0, 0.08244061]], "asks": [[122957000.0, 0.01998165], [122958000.0, 0.02063469], [122961000.0, 0.00073311], [122976000.0, 0.11565782], [122977000.0, 0.11565782], [122980000.0, 0.00652584], [122981000.0, 0.00243877], [122983000.0, 0.00053439], [122989000.0, 0.00040701], [122990000.0, 0.93964166]]},
{"timestamp": 1743933254204, "bids": [[122921000.0, 0.04804023], [122920000.0, 0.0005618], [122919000.0, 9.415e-05], [122918000.0, 0.01909228], [122917000.0, 0.00013133], [122916000.0, 0.00013017], [122908000.0, 0.00122025], [122907000.0, 0.00081362], [122901000.0, 0.05], [122900000.0, 0.08244061]], "asks": [[122957000.0, 0.01998165], [122958000.0, 0.02063469], [122961000.0, 0.00073311], [122976000.0, 0.11565782], [122977000.0, 0.11565782], [122980000.0, 0.00652584], [122981000.0, 0.00243877], [122983000.0, 0.00053439], [122989000.0, 0.00040701], [122990000.0, 0.93964166]]},
{"timestamp": 1743933254304, "bids": [[122921000.0, 0.04804023], [122920000.0, 0.0005618], [122919000.0, 9.415e-05], [122918000.0, 0.01909228], [122917000.0, 0.00013133], [122916000.0, 0.00013017], [122908000.0, 0.00122025], [122907000.0, 0.00081362], [122901000.0, 0.05], [122900000.0, 0.08244061]], "asks": [[122957000.0, 0.01998165], [122958000.0, 0.02063469], [122961000.0, 0.00073311], [122976000.0, 0.11565782], [122977000.0, 0.11565782], [122980000.0, 0.00652584], [122981000.0, 0.00243877], [122983000.0, 0.00053439], [122989000.0, 0.00040701], [122990000.0, 0.93964166]]},
{"timestamp": 1743933254404, "bids": [[122921000.0, 0.04804023], [122920000.0, 0.0005618], [122919000.0, 9.415e-05], [122918000.0, 0.01909228], [122917000.0, 0.00013133], [122916000.0, 0.00013017], [122908000.0, 0.00122025], [122907000.0, 0.00081362], [122901000.0, 0.05], [122900000.0, 0.08244061]], "asks": [[122957000.0, 0.01998165], [122958000.0, 0.02063469], [122961000.0, 0.00073311], [122976000.0, 0.11565782], [122977000.0, 0.11565782], [122980000.0, 0.00652584], [122981000.0, 0.00243877], [122983000.0, 0.00053439], [122989000.0, 0.00040701], [122990000.0, 0.93964166]]},
{"timestamp": 1743933254504, "bids": [[122921000.0, 0.04804023], [122920000.0, 0.0005618], [122919000.0, 9.415e-05], [122918000.0, 0.01909228], [122917000.0, 0.00013133], [122916000.0, 0.00013017], [122908000.0, 0.00122025], [122907000.0, 0.00081362], [122901000.0, 0.05], [122900000.0, 0.08244061]], "asks": [[122957000.0, 0.01998165], [122958000.0, 0.02063469], [122961000.0, 0.00073311], [122976000.0, 0.11565782], [122977000.0, 0.11565782], [122980000.0, 0.00652584], [122981000.0, 0.00243877], [122983000.0, 0.00053439], [122989000.0, 0.00040701], [122990000.0, 0.93964166]]},
{"timestamp": 1743933254604, "bids": [[122921000.0, 0.04804023], [122920000.0, 0.0005618], [122919000.0, 9.415e-05], [122918000.0, 0.01909228], [122917000.0, 0.00013133], [122916000.0, 0.00013017], [122908000.0, 0.00122025], [122907000.0, 0.00081362], [122901000.0, 0.05], [122900000.0, 0.08244061]], "asks": [[122957000.0, 0.01998165], [122958000.0, 0.02063469], [122961000.0, 0.00073311], [122976000.0, 0.11565782], [122977000.0, 0.11565782], [122980000.0, 0.00652584], [122981000.0, 0.00243877], [122983000.0, 0.00053439], [122989000.0, 0.00040701], [122990000.0, 0.93964166]]},
{"timestamp": 1743933254704, "bids": [[122921000.0, 0.04804023], [122920000.0, 0.0005618], [122919000.0, 9.415e-05], [122918000.0, 0.01909228], [122917000.0, 0.00013133], [122916000.0, 0.00013017], [122908000.0, 0.00122025], [122907000.0, 0.00081362], [122901000.0, 0.05], [122900000.0, 0.08244061]], "asks": [[122957000.0, 0.01998165], [122958000.0, 0.02063469], [122961000.0, 0.00073311], [122976000.0, 0.11565782], [122977000.0, 0.11565782], [122980000.0, 0.00652584], [122981000.0, 0.00243877], [122983000.0, 0.00053439], [122989000.0, 0.00040701], [122990000.0, 0.93964166]]},
{"timestamp": 1743933254804, "bids": [[122921000.0, 0.04804023], [122920000.0, 0.0005618], [122919000.0, 9.415e-05], [122918000.0, 0.01909228], [122917000.0, 0.00013133], [122916000.0, 0.00013017], [122908000.0, 0.00122025], [122907000.0, 0.00081362], [122901000.0, 0.05], [122900000.0, 0.08244061]], "asks": [[122957000.0, 0.01998165], [122958000.0, 0.02063469], [122961000.0, 0.00073311], [122976000.0, 0.11565782], [122977000.0, 0.11565782], [122980000.0, 0.00652584], [122981000.0, 0.00243877], [122983000.0, 0.00053439], [122989000.0, 0.00040701], [122990000.0, 0.93964166]]},
{"timestamp": 1743933254904, "bids": [[122921000.0, 0.04804023], [122920000.0, 0.0005618], [122919000.0, 9.415e-05], [122918000.0, 0.01909228], [122917000.0, 0.00013133], [122916000.0, 0.00013017], [122908000.0, 0.00122025], [122907000.0, 0.00081362], [122901000.0, 0.05], [122900000.0, 0.08244061]], "asks": [[122957000.0, 0.01998165], [122958000.0, 0.02063469], [122961000.0, 0.00073311], [122976000.0, 0.11565782], [122977000.0, 0.11565782], [122980000.0, 0.00652584], [122981000.0, 0.00243877], [122983000.0, 0.00053439], [122989000.0, 0.00040701], [122990000.0, 0.93964166]]},
{"timestamp": 1743933255004, "bids": [[122921000.0, 0.04804023], [122920000.0, 0.0005618], [122919000.0, 9.415e-05], [122918000.0, 0.01909228], [122917000.0, 0.00013133], [122916000.0, 0.00013017], [122908000.0, 0.00122025], [122907000.0, 0.00081362], [122901000.0, 0.05], [122900000.0, 0.08244061]], "asks": [[122957000.0, 0.01998165], [122958000.0, 0.02063469], [122961000.0, 0.00073311], [122976000.0, 0.11565782], [122977000.0, 0.11565782], [122980000.0, 0.00652584], [122981000.0, 0.00243877], [122983000.0, 0.00053439], [122989000.0, 0.00040701], [122990000.0, 0.93964166]]},
{"timestamp": 1743933255104, "bids": [[122921000.0, 0.04804023], [122920000.0, 0.0005618], [122919000.0, 9.415e-05], [122918000.0, 0.01909228], [122917000.0, 0.00013133], [122916000.0, 0.00013017], [122908000.0, 0.00122025], [122907000.0, 0.00081362], [122901000.0, 0.05], [122900000.0, 0.08244061]], "asks": [[122957000.0, 0.01998165], [122958000.0, 0.02063469], [122961000.0, 0.00073311], [122976000.0, 0.11565782], [122977000.0, 0.11565782], [122980000.0, 0.00652584], [122981000.0, 0.00243877], [122983000.0, 0.00053439], [122989000.0, 0.00040701], [122990000.0, 0.93964166]]},
{"timestamp": 1743933255204, "bids": [[122921000.0, 0.04804023], [122920000.0, 0.0005618], [122919000.0, 9.415e-05], [122918000.0, 0.01909228], [122917000.0, 0.00013133], [122916000.0, 0.00013017], [122908000.0, 0.00122025], [122907000.0, 0.00081362], [122901000.0, 0.05], [122900000.0, 0.08244061]], "asks": [[122957000.0, 0.01998165], [122958000.0, 0.02063469], [122961000.0, 0.00073311], [122976000.0, 0.11565782], [122977000.0, 0.11565782], [122980000.0, 0.00652584], [122981000.0, 0.00243877], [122983000.0, 0.00053439], [122989000.0, 0.00040701], [122990000.0, 0.93964166]]},
{"timestamp": 1743933255304, "bids": [[122921000.0, 0.04804023], [122920000.0, 0.0005618], [122919000.0, 9.415e-05], [122918000.0, 0.01909228], [122917000.0, 0.00013133], [122916000.0, 0.00013017], [122908000.0, 0.00122025], [122907000.0, 0.00081362], [122901000.0, 0.05], [122900000.0, 0.08244061]], "asks": [[122957000.0, 0.01998165], [122958000.0, 0.02063469], [122961000.0, 0.00073311], [122976000.0, 0.11565782], [122977000.0, 0.11565782], [122980000.0, 0.00652584], [122981000.0, 0.00243877], [122983000.0, 0.00053439], [122989000.0, 0.00040701], [122990000.0, 0.93964166]]},
{"timestamp": 1743933255404, "bids": [[122922000.0, 0.00813524], [122921000.0, 0.04804023], [122920000.0, 0.0005618], [122919000.0, 9.415e-05], [122918000.0, 0.01909228], [122917000.0, 0.00013133], [122916000.0, 0.00013017], [122908000.0, 0.00122025], [122907000.0, 0.00081362], [122901000.0, 0.05]], "asks": [[122957000.0, 0.01998165], [122958000.0, 0.02063469], [122961000.0, 0.00073311], [122976000.0, 0.11565782], [122977000.0, 0.11565782], [122980000.0, 0.00652584], [122981000.0, 0.00243877], [122983000.0, 0.00053439], [122989000.0, 0.00040701], [122990000.0, 0.93964166]]},
{"timestamp": 1743933255504, "bids": [[122922000.0, 0.00813524], [122921000.0, 0.04804023], [122920000.0, 0.0005618], [122919000.0, 9.415e-05], [122918000.0, 0.01909228], [122917000.0, 0.00013133], [122916000.0, 0.00013017], [122908000.0, 0.00122025], [122907000.0, 0.00081362], [122901000.0, 0.05]], "asks": [[122957000.0, 0.01685165], [122958000.0, 0.02063469], [122961000.0, 0.00073311], [122976000.0, 0.11565782], [122977000.0, 0.11565782], [122980000.0, 0.00652584], [122981000.0, 0.00243877], [122983000.0, 0.00053439], [122989000.0, 0.00040701], [122990000.0, 0.93964166]]},
{"timestamp": 1743933258204, "bids": [[122922000.0, 0.00813524], [122921000.0, 0.04804023], [122920000.0, 0.0005618], [122919000.0, 9.415e-05], [122918000.0, 0.01909228], [122917000.0, 0.00013133], [122916000.0, 0.00013017], [122908000.0, 0.00122025], [122907000.0, 0.00081362], [122901000.0, 0.05]], "asks": [[122957000.0, 0.01685165], [122958000.0, 0.02063469], [122961000.0, 0.00073311], [122976000.0, 0.11565782], [122977000.0, 0.11565782], [122980000.0, 0.00652584], [122981000.0, 0.00243877], [122983000.0, 0.00053439], [122989000.0, 0.00040701], [122990000.0, 0.93964166]]},
{"timestamp": 1743933258404, "bids": [[122922000.0, 0.00813524], [122921000.0, 0.04804023], [122920000.0, 0.0005618], [122919000.0, 9.415e-05], [122918000.0, 0.01909228], [122917000.0, 0.00013133], [122916000.0, 0.00013017], [122908000.0, 0.00122025], [122907000.0, 0.00081362], [122901000.0, 0.05]], "asks": [[122957000.0, 0.01690165], [122958000.0, 0.02063469], [122961000.0, 0.00073311], [122976000.0, 0.11565782], [122977000.0, 0.11565782], [122980000.0, 0.00652584], [122981000.0, 0.00243877], [122983000.0, 0.00053439], [122989000.0, 0.00040701], [122990000.0, 0.93964166]]},
{"timestamp": 1743933260304, "bids": [[122922000.0, 0.00813524], [122921000.0, 0.04804023], [122920000.0, 0.0005618], [122919000.0, 9.415e-05], [122918000.0, 0.01909228], [122917000.0, 0.00013133], [122916000.0, 0.00013017], [122908000.0, 0.00122025], [122907000.0, 0.00081362], [122901000.0, 0.05]], "asks": [[122957000.0, 0.01685286], [122958000.0, 0.02063469], [122961000.0, 0.00073311], [122976000.0, 0.11565782], [122977000.0, 0.11565782], [122980000.0, 0.00652584], [122981000.0, 0.00243877], [122983000.0, 0.00053439], [122989000.0, 0.00040701], [122990000.0, 0.93964166]]},
{"timestamp": 1743933264804, "bids": [[122922000.0, 0.20358329], [122921000.0, 0.04804023], [122920000.0, 0.0005618], [122919000.0, 9.415e-05], [122918000.0, 0.01909228], [122917000.0, 0.00013133], [122916000.0, 0.00013017], [122908000.0, 0.00122025], [122907000.0, 0.00081362], [122901000.0, 0.05]], "asks": [[122957000.0, 0.01685286], [122958000.0, 0.02063469], [122961000.0, 0.00073311], [122976000.0, 0.11565782], [122977000.0, 0.11565782], [122980000.0, 0.00652584], [122981000.0, 0.00243877], [122983000.0, 0.00053439], [122989000.0, 0.00040701], [122990000.0, 0.93964166]]},
{"timestamp": 1743933265004, "bids": [[122922000.0, 0.20358329], [122921000.0, 0.04804023], [122920000.0, 0.0005618], [122919000.0, 9.415e-05], [122918000.0, 0.01909228], [122917000.0, 0.00013133], [122916000.0, 0.00013017], [122908000.0, 0.00122025], [122907000.0, 0.00081362], [122900000.0, 0.08244061]], "asks": [[122957000.0, 0.01685286], [122958000.0, 0.02063469], [122961000.0, 0.00073311], [122976000.0, 0.11565782], [122977000.0, 0.11565782], [122980000.0, 0.00652584], [122981000.0, 0.00243877], [122983000.0, 0.00053439], [122989000.0, 0.00040701], [122990000.0, 0.93964166]]},
{"timestamp": 1743933265404, "bids": [[122922000.0, 0.20358329], [122921000.0, 0.04804023], [122920000.0, 0.0005618], [122919000.0, 9.415e-05], [122918000.0, 0.01909228], [122917000.0, 0.00013133], [122916000.0, 0.00013017], [122908000.0, 0.00122025], [122907000.0, 0.00081362], [122900000.0, 0.08244061]], "asks": [[122957000.0, 0.01685286], [122958000.0, 0.02063469], [122961000.0, 0.00073311], [122976000.0, 0.11565782], [122977000.0, 0.11565782], [122980000.0, 0.00652584], [122981000.0, 0.00243877], [122983000.0, 0.00053439], [122989000.0, 0.00040701], [122990000.0, 0.93964166]]},
{"timestamp": 1743933266404, "bids": [[122922000.0, 0.20358329], [122921000.0, 0.04804023], [122920000.0, 0.0005618], [122919000.0, 9.415e-05], [122918000.0, 0.01909228], [122917000.0, 0.00013133], [122916000.0, 0.00013017], [122908000.0, 0.00122025], [122907000.0, 0.00081362], [122900000.0, 0.08244061]], "asks": [[122957000.0, 0.01685286], [122958000.0, 0.02063469], [122961000.0, 0.00073311], [122976000.0, 0.11565782], [122977000.0, 0.11565782], [122980000.0, 0.00652584], [122981000.0, 0.00243877], [122983000.0, 0.00053439], [122989000.0, 0.00040701], [122990000.0, 0.93964166]]},
{"timestamp": 1743933270204, "bids": [[122922000.0, 0.20358329], [122921000.0, 0.04804023], [122920000.0, 0.0005618], [122919000.0, 9.415e-05], [122918000.0, 0.01909228], [122917000.0, 0.00013133], [122916000.0, 0.00013017], [122908000.0, 0.00122025], [122907000.0, 0.00081362], [122900000.0, 0.08244061]], "asks": [[122957000.0, 0.01685286], [122958000.0, 0.02063469], [122961000.0, 0.00073311], [122976000.0, 0.11565782], [122977000.0, 0.11565782], [122980000.0, 0.00652584], [122981000.0, 0.00243877], [122983000.0, 0.00053439], [122989000.0, 0.00040701], [122990000.0, 0.93964166]]},
{"timestamp": 1743933271104, "bids": [[122922000.0, 0.20358329], [122921000.0, 0.04804023], [122920000.0, 0.0005618], [122919000.0, 9.415e-05], [122918000.0, 0.01909228], [122917000.0, 0.00013133], [122916000.0, 0.00013017], [122908000.0, 0.00122025], [122907000.0, 0.00081362], [122900000.0, 0.08244061]], "asks": [[122957000.0, 0.01669021], [122958000.0, 0.02063469], [122961000.0, 0.00073311], [122976000.0, 0.11565782], [122977000.0, 0.11565782], [122980000.0, 0.00652584], [122981000.0, 0.00243877], [122983000.0, 0.00053439], [122989000.0, 0.00040701], [122990000.0, 0.93964166]]},
{"timestamp": 1743933271604, "bids": [[122922000.0, 0.20358329], [122921000.0, 0.04804023], [122920000.0, 0.0005618], [122919000.0, 9.415e-05], [122918000.0, 0.01909228], [122917000.0, 0.00013133], [122916000.0, 0.00013017], [122908000.0, 0.00122025], [122907000.0, 0.00081362], [122900000.0, 0.08244061]], "asks": [[122957000.0, 0.01669021], [122958000.0, 0.01941899], [122961000.0, 0.00073311], [122976000.0, 0.11565782], [122977000.0, 0.11565782], [122980000.0, 0.00652584], [122981000.0, 0.00243877], [122983000.0, 0.00053439], [122989000.0, 0.00040701], [122990000.0, 0.93964166]]},
{"timestamp": 1743933272804, "bids": [[122922000.0, 0.20358329], [122921000.0, 0.04804023], [122920000.0, 0.0005618], [122919000.0, 9.415e-05], [122918000.0, 0.01909228], [122917000.0, 0.00013133], [122916000.0, 0.00013017], [122908000.0, 0.00122025], [122907000.0, 0.00081362], [122900000.0, 0.08244061]], "asks": [[122957000.0, 0.01722084], [122958000.0, 0.01941899], [122961000.0, 0.00073311], [122976000.0, 0.11565782], [122977000.0, 0.11565782], [122980000.0, 0.00652584], [122981000.0, 0.00243877], [122983000.0, 0.00053439], [122989000.0, 0.00040701], [122990000.0, 0.93964166]]},
{"timestamp": 1743933272904, "bids": [[122922000.0, 0.20358329], [122921000.0, 0.04804023], [122920000.0, 0.0005618], [122919000.0, 9.415e-05], [122918000.0, 0.01909228], [122917000.0, 0.00013133], [122916000.0, 0.00013017], [122908000.0, 0.00122025], [122907000.0, 0.00081362], [122900000.0, 0.08244061]], "asks": [[122957000.0, 0.01662958], [122958000.0, 0.01941899], [122961000.0, 0.00073311], [122976000.0, 0.11565782], [122977000.0, 0.11565782], [122980000.0, 0.00652584], [122981000.0, 0.00243877], [122983000.0, 0.00053439], [122989000.0, 0.00040701], [122990000.0, 0.93964166]]},
{"timestamp": 1743933278204, "bids": [[122922000.0, 0.20358329], [122921000.0, 0.04804023], [122920000.0, 0.0005618], [122919000.0, 9.415e-05], [122918000.0, 0.01909228], [122917000.0, 0.00013133], [122916000.0, 0.00013017], [122908000.0, 0.00122025], [122907000.0, 0.00081362], [122900000.0, 0.08244061]], "asks": [[122957000.0, 0.01784528], [122958000.0, 0.01941899], [122961000.0, 0.00073311], [122976000.0, 0.11565782], [122977000.0, 0.11565782], [122980000.0, 0.00652584], [122981000.0, 0.00243877], [122983000.0, 0.00053439], [122989000.0, 0.00040701], [122990000.0, 0.93964166]]},
{"timestamp": 1743933279504, "bids": [[122922000.0, 0.20358329], [122921000.0, 0.04804023], [122920000.0, 0.0005618], [122919000.0, 9.415e-05], [122918000.0, 0.01909228], [122917000.0, 0.00013133], [122916000.0, 0.00013017], [122908000.0, 0.00122025], [122907000.0, 0.00081362], [122900000.0, 0.08244061]], "asks": [[122957000.0, 0.01784528], [122958000.0, 0.01219929], [122961000.0, 0.00073311], [122976000.0, 0.11565782], [122977000.0, 0.11565782], [122980000.0, 0.00652584], [122981000.0, 0.00243877], [122983000.0, 0.00053439], [122989000.0, 0.00040701], [122990000.0, 0.93964166]]},
{"timestamp": 1743933279604, "bids": [[122922000.0, 0.20358329], [122921000.0, 0.04804023], [122920000.0, 0.0005618], [122919000.0, 9.415e-05], [122918000.0, 0.01909228], [122917000.0, 0.00013133], [122916000.0, 0.00013017], [122908000.0, 0.00122025], [122907000.0, 0.00081362], [122900000.0, 0.08244061]], "asks": [[122957000.0, 0.01784528], [122958000.0, 0.01219929], [122961000.0, 0.00073311], [122976000.0, 0.11565782], [122977000.0, 0.11565782], [122980000.0, 0.00652584], [122981000.0, 0.00243877], [122983000.0, 0.00053439], [122989000.0, 0.00040701], [122990000.0, 0.93964166]]},
{"timestamp": 1743933279704, "bids": [[122922000.0, 0.20358329], [122921000.0, 0.04804023], [122920000.0, 0.0005618], [122919000.0, 9.415e-05], [122918000.0, 0.01909228], [122917000.0, 0.00013133], [122916000.0, 0.00013017], [122908000.0, 0.00122025], [122907000.0, 0.00081362], [122900000.0, 0.08244061]], "asks": [[122957000.0, 0.01784528], [122958000.0, 0.01219929], [122961000.0, 0.00073311], [122976000.0, 0.11565782], [122977000.0, 0.11565782], [122980000.0, 0.00652584], [122981000.0, 0.00243877], [122983000.0, 0.00053439], [122989000.0, 0.00040701], [122990000.0, 0.93964166]]},
{"timestamp": 1743933280404, "bids": [[122923000.0, 0.05], [122922000.0, 0.20358329], [122921000.0, 0.04804023], [122920000.0, 0.0005618], [122919000.0, 9.415e-05], [122918000.0, 0.01909228], [122917000.0, 0.00013133], [122916000.0, 0.00013017], [122908000.0, 0.00122025], [122907000.0, 0.00081362]], "asks": [[122957000.0, 0.01784528], [122958000.0, 0.01219929], [122961000.0, 0.00073311], [122976000.0, 0.11565782], [122977000.0, 0.11565782], [122980000.0, 0.00652584], [122981000.0, 0.00243877], [122983000.0, 0.00053439], [122989000.0, 0.00040701], [122990000.0, 0.93964166]]},
{"timestamp": 1743933282104, "bids": [[122922000.0, 0.20358329], [122921000.0, 0.04804023], [122920000.0, 0.0005618], [122919000.0, 9.415e-05], [122918000.0, 0.01909228], [122917000.0, 0.00013133], [122916000.0, 0.00013017], [122908000.0, 0.00122025], [122907000.0, 0.00081362], [122900000.0, 0.08244061]], "asks": [[122957000.0, 0.01784528], [122958000.0, 0.01219929], [122961000.0, 0.00073311], [122976000.0, 0.11565782], [122977000.0, 0.11565782], [122980000.0, 0.00652584], [122981000.0, 0.00243877], [122983000.0, 0.00053439], [122989000.0, 0.00040701], [122990000.0, 0.93964166]]},
{"timestamp": 1743933289104, "bids": [[122922000.0, 0.20358329], [122921000.0, 0.04804023], [122920000.0, 0.0005618], [122919000.0, 9.415e-05], [122918000.0, 0.01909228], [122917000.0, 0.00013133], [122916000.0, 0.00013017], [122908000.0, 0.00122025], [122907000.0, 0.00081362], [122900000.0, 0.08244061]], "asks": [[122957000.0, 0.01743864], [122958000.0, 0.01219929], [122961000.0, 0.00073311], [122976000.0, 0.11565782], [122977000.0, 0.11565782], [122980000.0, 0.00652584], [122981000.0, 0.00243877], [122983000.0, 0.00053439], [122989000.0, 0.00040701], [122990000.0, 0.93964166]]},
{"timestamp": 1743933290104, "bids": [[122922000.0, 0.20358329], [122921000.0, 0.04804023], [122920000.0, 0.0005618], [122919000.0, 9.415e-05], [122918000.0, 0.01909228], [122917000.0, 0.00013133], [122916000.0, 0.00013017], [122908000.0, 0.00122025], [122907000.0, 0.00081362], [122900000.0, 0.08244061]], "asks": [[122957000.0, 0.01743864], [122958000.0, 0.01219929], [122961000.0, 0.00073311], [122976000.0, 0.11565782], [122977000.0, 0.11565782], [122980000.0, 0.00652584], [122981000.0, 0.00243877], [122983000.0, 0.00026719], [122989000.0, 0.00040701], [122990000.0, 0.93964166]]},
{"timestamp": 1743933291304, "bids": [[122922000.0, 0.20358329], [122921000.0, 0.04804023], [122920000.0, 0.0005618], [122919000.0, 9.415e-05], [122918000.0, 0.01909228], [122917000.0, 0.00013133], [122916000.0, 0.00013017], [122908000.0, 0.00122025], [122907000.0, 0.00081362], [122900000.0, 0.08244061]], "asks": [[122957000.0, 0.01743864], [122958000.0, 0.01219929], [122961000.0, 0.00073311], [122976000.0, 0.11565782], [122977000.0, 0.11565782], [122980000.0, 0.00652584], [122981000.0, 0.00243877], [122983000.0, 0.00026719], [122989000.0, 0.00040701], [122990000.0, 0.93964166]]},
{"timestamp": 1743933291404, "bids": [[122922000.0, 0.20358329], [122921000.0, 0.04804023], [122920000.0, 0.0005618], [122919000.0, 9.415e-05], [122918000.0, 0.01909228], [122917000.0, 0.00013133], [122916000.0, 0.00013017], [122908000.0, 0.00122025], [122907000.0, 0.00081362], [122900000.0, 0.08244061]], "asks": [[122957000.0, 0.01743864], [122958000.0, 0.01219929], [122961000.0, 0.00073311], [122976000.0, 0.11565782], [122977000.0, 0.11565782], [122980000.0, 0.00652584], [122981000.0, 0.00243877], [122983000.0, 0.00026719], [122989000.0, 0.00040701], [122990000.0, 0.93964166]]},
{"timestamp": 1743933291704, "bids": [[122922000.0, 0.20358329], [122921000.0, 0.04804023], [122920000.0, 0.0005618], [122919000.0, 9.415e-05], [122918000.0, 0.01909228], [122917000.0, 0.00013133], [122916000.0, 0.00013017], [122908000.0, 0.00122025], [122907000.0, 0.00081362], [122900000.0, 0.08244061]], "asks": [[122957000.0, 0.01735739], [122958000.0, 0.01219929], [122961000.0, 0.00073311], [122976000.0, 0.11565782], [122977000.0, 0.11565782], [122980000.0, 0.00652584], [122981000.0, 0.00243877], [122983000.0, 0.00026719], [122989000.0, 0.00040701], [122990000.0, 0.93964166]]},
{"timestamp": 1743933292104, "bids": [[122922000.0, 0.20358329], [122921000.0, 0.04804023], [122920000.0, 0.0005618], [122919000.0, 9.415e-05], [122918000.0, 0.01909228], [122917000.0, 0.00013133], [122916000.0, 0.00013017], [122908000.0, 0.00122025], [122907000.0, 0.00081362], [122900000.0, 0.08244061]], "asks": [[122957000.0, 0.01491752], [122958000.0, 0.01219929], [122961000.0, 0.00073311], [122976000.0, 0.11565782], [122977000.0, 0.11565782], [122980000.0, 0.00652584], [122981000.0, 0.00243877], [122983000.0, 0.00026719], [122989000.0, 0.00040701], [122990000.0, 0.93964166]]},
{"timestamp": 1743933293104, "bids": [[122922000.0, 0.20358329], [122921000.0, 0.04804023], [122920000.0, 0.0005618], [122919000.0, 9.415e-05], [122918000.0, 0.01909228], [122917000.0, 0.00013133], [122916000.0, 0.00013017], [122908000.0, 0.00122025], [122907000.0, 0.00081362], [122900000.0, 0.08244061]], "asks": [[122957000.0, 0.01491752], [122958000.0, 0.01219929], [122961000.0, 0.00073311], [122976000.0, 0.11565782], [122977000.0, 0.11565782], [122980000.0, 0.00652584], [122981000.0, 0.00243877], [122983000.0, 0.00026719], [122989000.0, 0.00040701], [122990000.0, 0.93964166]]},
{"timestamp": 1743933293304, "bids": [[122922000.0, 0.20358329], [122921000.0, 0.04804023], [122920000.0, 0.0005618], [122919000.0, 9.415e-05], [122918000.0, 0.01909228], [122917000.0, 0.00013133], [122916000.0, 0.00013017], [122908000.0, 0.00122025], [122907000.0, 0.00081362], [122900000.0, 0.08244061]], "asks": [[122957000.0, 0.01491752], [122958000.0, 0.01219929], [122961000.0, 0.00073311], [122976000.0, 0.11565782], [122977000.0, 0.11565782], [122980000.0, 0.00652584], [122981000.0, 0.00243877], [122983000.0, 0.00026719], [122989000.0, 0.00040701], [122990000.0, 0.93964166]]},
{"timestamp": 1743933293904, "bids": [[122922000.0, 0.20358329], [122921000.0, 0.04804023], [122920000.0, 0.0005618], [122919000.0, 9.415e-05], [122918000.0, 0.01909228], [122917000.0, 0.00013133], [122916000.0, 0.00013017], [122908000.0, 0.00122025], [122907000.0, 0.00081362], [122900000.0, 0.08244061]], "asks": [[122957000.0, 0.01508028], [122958000.0, 0.01219929], [122961000.0, 0.00073311], [122976000.0, 0.11565782], [122977000.0, 0.11565782], [122980000.0, 0.00652584], [122981000.0, 0.00243877], [122983000.0, 0.00026719], [122989000.0, 0.00040701], [122990000.0, 0.93964166]]},
{"timestamp": 1743933298104, "bids": [[122922000.0, 0.20358329], [122921000.0, 0.04804023], [122920000.0, 0.0005618], [122919000.0, 9.415e-05], [122918000.0, 0.01909228], [122917000.0, 0.00013133], [122916000.0, 0.00013017], [122908000.0, 0.00122025], [122907000.0, 0.00081362], [122900000.0, 0.08244061]], "asks": [[122957000.0, 0.01534748], [122958000.0, 0.01219929], [122961000.0, 0.00073311], [122976000.0, 0.11565782], [122977000.0, 0.11565782], [122980000.0, 0.00652584], [122981000.0, 0.00243877], [122983000.0, 0.00026719], [122989000.0, 0.00040701], [122990000.0, 0.93964166]]},
{"timestamp": 1743933298404, "bids": [[122922000.0, 0.20358329], [122921000.0, 0.04804023], [122920000.0, 0.0005618], [122919000.0, 9.415e-05], [122918000.0, 0.01909228], [122917000.0, 0.00013133], [122916000.0, 0.00013017], [122908000.0, 0.00122025], [122907000.0, 0.00081362], [122900000.0, 0.08244061]], "asks": [[122957000.0, 0.02348041], [122958000.0, 0.01219929], [122961000.0, 0.00073311], [122976000.0, 0.11565782], [122977000.0, 0.11565782], [122980000.0, 0.00652584], [122981000.0, 0.00243877], [122983000.0, 0.00026719], [122989000.0, 0.00040701], [122990000.0, 0.93964166]]},
{"timestamp": 1743933299804, "bids": [[122922000.0, 0.20358329], [122921000.0, 0.04804023], [122920000.0, 0.0005618], [122919000.0, 9.415e-05], [122918000.0, 0.01909228], [122917000.0, 0.00013133], [122916000.0, 0.00013017], [122908000.0, 0.00122025], [122907000.0, 0.00081362], [122900000.0, 0.08244061]], "asks": [[122957000.0, 0.02348041], [122958000.0, 0.01219929], [122961000.0, 0.00073311], [122976000.0, 0.11565782], [122977000.0, 0.11565782], [122980000.0, 0.00652584], [122981000.0, 0.00243877], [122983000.0, 0.00026719], [122989000.0, 0.00040701], [122990000.0, 0.93964166]]},
{"timestamp": 1743933299904, "bids": [[122922000.0, 0.20358329], [122921000.0, 0.04804023], [122920000.0, 0.0005618], [122919000.0, 9.415e-05], [122918000.0, 0.01909228], [122917000.0, 0.00013133], [122916000.0, 0.00013017], [122908000.0, 0.00122025], [122907000.0, 0.00081362], [122900000.0, 0.08244061]], "asks": [[122957000.0, 0.02348041], [122958000.0, 0.01219929], [122961000.0, 0.00073311], [122976000.0, 0.11565782], [122977000.0, 0.11565782], [122980000.0, 0.00652584], [122981000.0, 0.00243877], [122983000.0, 0.00026719], [122989000.0, 0.00040701], [122990000.0, 0.93964166]]},
{"timestamp": 1743933302804, "bids": [[122922000.0, 0.20358329], [122921000.0, 0.04804023], [122920000.0, 0.0005618], [122919000.0, 9.415e-05], [122918000.0, 0.01909228], [122917000.0, 0.00013133], [122916000.0, 0.00013017], [122908000.0, 0.00122025], [122907000.0, 0.00081362], [122900000.0, 0.08244061]], "asks": [[122957000.0, 0.02348041], [122958000.0, 0.01219929], [122961000.0, 0.00073311], [122976000.0, 0.11565782], [122977000.0, 0.11565782], [122980000.0, 0.00652584], [122981000.0, 0.00243877], [122983000.0, 0.00026719], [122989000.0, 0.00040701], [122990000.0, 0.93964166]]},
{"timestamp": 1743933302904, "bids": [[122922000.0, 0.20358329], [122921000.0, 0.04804023], [122920000.0, 0.0005618], [122919000.0, 9.415e-05], [122918000.0, 0.01909228], [122917000.0, 0.00013133], [122916000.0, 0.00013017], [122908000.0, 0.00122025], [122907000.0, 0.00081362], [122900000.0, 0.08244061]], "asks": [[122957000.0, 0.02348041], [122958000.0, 0.01219929], [122961000.0, 0.00073311], [122976000.0, 0.11565782], [122977000.0, 0.11565782], [122980000.0, 0.00652584], [122981000.0, 0.00243877], [122983000.0, 0.00026719], [122989000.0, 0.00040701], [122990000.0, 0.93964166]]},
{"timestamp": 1743933303804, "bids": [[122923000.0, 0.07652553], [122922000.0, 0.20358329], [122921000.0, 0.04804023], [122920000.0, 0.0005618], [122919000.0, 9.415e-05], [122918000.0, 0.01909228], [122917000.0, 0.00013133], [122916000.0, 0.00013017], [122908000.0, 0.00122025], [122907000.0, 0.00081362]], "asks": [[122957000.0, 0.02348041], [122958000.0, 0.01219929], [122961000.0, 0.00073311], [122976000.0, 0.11565782], [122977000.0, 0.11565782], [122980000.0, 0.00652584], [122981000.0, 0.00243877], [122983000.0, 0.00026719], [122989000.0, 0.00040701], [122990000.0, 0.93964166]]},
{"timestamp": 1743933303904, "bids": [[122923000.0, 0.07652553], [122922000.0, 0.20358329], [122921000.0, 0.04804023], [122920000.0, 0.0005618], [122919000.0, 9.415e-05], [122918000.0, 0.01909228], [122917000.0, 0.00013133], [122916000.0, 0.00013017], [122908000.0, 0.00122025], [122907000.0, 0.00081362]], "asks": [[122957000.0, 0.02348041], [122958000.0, 0.01219929], [122961000.0, 0.00073311], [122976000.0, 0.11565782], [122977000.0, 0.11565782], [122980000.0, 0.00652584], [122981000.0, 0.00243877], [122983000.0, 0.00026719], [122989000.0, 0.00040701], [122990000.0, 0.93964166]]},
{"timestamp": 1743933304104, "bids": [[122923000.0, 0.07652553], [122922000.0, 0.20358329], [122921000.0, 0.04804023], [122920000.0, 0.0005618], [122919000.0, 9.415e-05], [122918000.0, 0.01909228], [122917000.0, 0.00013133], [122916000.0, 0.00013017], [122908000.0, 0.00122025], [122907000.0, 0.00081362]], "asks": [[122957000.0, 0.0901735], [122958000.0, 0.01219929], [122961000.0, 0.00073311], [122976000.0, 0.11565782], [122977000.0, 0.11565782], [122980000.0, 0.00652584], [122981000.0, 0.00243877], [122983000.0, 0.00026719], [122989000.0, 0.00040701], [122990000.0, 0.93964166]]},
{"timestamp": 1743933304204, "bids": [[122923000.0, 0.07652553], [122922000.0, 0.20358329], [122921000.0, 0.04804023], [122920000.0, 0.0005618], [122919000.0, 9.415e-05], [122918000.0, 0.01909228], [122917000.0, 0.00013133], [122916000.0, 0.00013017], [122908000.0, 0.00122025], [122907000.0, 0.00081362]], "asks": [[122957000.0, 0.0901735], [122958000.0, 0.01219929], [122961000.0, 0.00073311], [122980000.0, 0.00652584], [122981000.0, 0.00243877], [122983000.0, 0.00026719], [122989000.0, 0.00040701], [122990000.0, 0.93964166], [122995000.0, 0.35362123], [122999000.0, 0.04780003]]},
{"timestamp": 1743933307404, "bids": [[122923000.0, 0.07652553], [122922000.0, 0.20358329], [122921000.0, 0.04804023], [122920000.0, 0.0005618], [122919000.0, 9.415e-05], [122918000.0, 0.01909228], [122917000.0, 0.00013133], [122916000.0, 0.00013017], [122908000.0, 0.00122025], [122907000.0, 0.00081362]], "asks": [[122957000.0, 0.53425179], [122958000.0, 0.01219929], [122961000.0, 0.00073311], [122980000.0, 0.00652584], [122981000.0, 0.00243877], [122983000.0, 0.00026719], [122989000.0, 0.00040701], [122990000.0, 0.93964166], [122995000.0, 0.35362123], [122999000.0, 0.04780003]]},
{"timestamp": 1743933308404, "bids": [[122923000.0, 0.07652553], [122922000.0, 0.20358329], [122921000.0, 0.04804023], [122920000.0, 0.0005618], [122919000.0, 9.415e-05], [122918000.0, 0.01909228], [122917000.0, 0.00013133], [122916000.0, 0.00013017], [122908000.0, 0.00122025], [122907000.0, 0.00081362]], "asks": [[122957000.0, 0.53425179], [122958000.0, 0.01219929], [122961000.0, 0.00073311], [122980000.0, 0.00652584], [122981000.0, 0.00243877], [122983000.0, 0.00026719], [122989000.0, 0.00040701], [122990000.0, 0.93964166], [122995000.0, 0.35362123], [122999000.0, 0.04780003]]},
{"timestamp": 1743933310504, "bids": [[122923000.0, 0.07652553], [122922000.0, 0.20358329], [122921000.0, 0.04804023], [122920000.0, 0.0005618], [122919000.0, 9.415e-05], [122918000.0, 0.01909228], [122917000.0, 0.00013133], [122916000.0, 0.00013017], [122908000.0, 0.00122025], [122907000.0, 0.00081362]], "asks": [[122957000.0, 0.53425179], [122958000.0, 0.01219929], [122961000.0, 0.00073311], [122980000.0, 0.00652584], [122981000.0, 0.00243877], [122983000.0, 0.00026719], [122989000.0, 0.00040701], [122990000.0, 0.93964166], [122995000.0, 0.35362123], [122999000.0, 0.04780003]]},
{"timestamp": 1743933310704, "bids": [[122923000.0, 0.07652553], [122922000.0, 0.20358329], [122921000.0, 0.04804023], [122920000.0, 0.0005618], [122919000.0, 9.415e-05], [122918000.0, 0.01909228], [122917000.0, 0.00013133], [122916000.0, 0.00013017], [122908000.0, 0.00122025], [122907000.0, 0.00081362]], "asks": [[122957000.0, 0.53425179], [122958000.0, 0.01219929], [122961000.0, 0.00073311], [122980000.0, 0.00652584], [122981000.0, 0.00243877], [122983000.0, 0.00026719], [122989000.0, 0.00040701], [122990000.0, 0.93964166], [122995000.0, 0.35362123], [122999000.0, 0.04780003]]},
{"timestamp": 1743933311604, "bids": [[122923000.0, 0.07652553], [122922000.0, 0.20358329], [122921000.0, 0.04804023], [122920000.0, 0.0005618], [122919000.0, 9.415e-05], [122918000.0, 0.01909228], [122917000.0, 0.00013133], [122916000.0, 0.00013017], [122908000.0, 0.00122025], [122907000.0, 0.00081362]], "asks": [[122957000.0, 0.53425179], [122958000.0, 0.01219929], [122961000.0, 0.00073311], [122980000.0, 0.00652584], [122981000.0, 0.00243877], [122983000.0, 0.00026719], [122989000.0, 0.00040701], [122990000.0, 0.93964166], [122995000.0, 0.35362123], [122999000.0, 0.04780003]]},
{"timestamp": 1743933311804, "bids": [[122923000.0, 0.07652553], [122922000.0, 0.20358329], [122921000.0, 0.04804023], [122920000.0, 0.0005618], [122919000.0, 9.415e-05], [122918000.0, 0.01909228], [122917000.0, 0.00013133], [122916000.0, 0.00013017], [122908000.0, 0.00122025], [122907000.0, 0.00081362]], "asks": [[122957000.0, 0.53425179], [122958000.0, 0.01219929], [122961000.0, 0.00073311], [122980000.0, 0.00652584], [122981000.0, 0.00243877], [122983000.0, 0.00026719], [122989000.0, 0.00040701], [122990000.0, 0.93964166], [122995000.0, 0.35362123], [122999000.0, 0.04780003]]},
{"timestamp": 1743933312104, "bids": [[122923000.0, 0.07652553], [122922000.0, 0.20358329], [122921000.0, 0.04804023], [122920000.0, 0.0005618], [122919000.0, 9.415e-05], [122918000.0, 0.01909228], [122917000.0, 0.00013133], [122916000.0, 0.00013017], [122908000.0, 0.00122025], [122907000.0, 0.00081362]], "asks": [[122957000.0, 0.53425179], [122958000.0, 0.01219929], [122961000.0, 0.00073311], [122980000.0, 0.00652584], [122981000.0, 0.00243877], [122983000.0, 0.00026719], [122989000.0, 0.00040701], [122990000.0, 0.93964166], [122995000.0, 0.35362123], [122999000.0, 0.04780003]]},
{"timestamp": 1743933312304, "bids": [[122923000.0, 0.07652553], [122922000.0, 0.20358329], [122921000.0, 0.04804023], [122920000.0, 0.0005618], [122919000.0, 9.415e-05], [122918000.0, 0.01909228], [122917000.0, 0.00013133], [122916000.0, 0.00013017], [122908000.0, 0.00122025], [122907000.0, 0.00081362]], "asks": [[122957000.0, 0.53425179], [122958000.0, 0.01219929], [122961000.0, 0.00073311], [122980000.0, 0.00652584], [122981000.0, 0.00243877], [122983000.0, 0.00026719], [122989000.0, 0.00040701], [122990000.0, 0.93964166], [122995000.0, 0.35362123], [122999000.0, 0.04780003]]},
{"timestamp": 1743933312504, "bids": [[122923000.0, 0.07652553], [122922000.0, 0.20358329], [122921000.0, 0.04804023], [122920000.0, 0.0005618], [122919000.0, 9.415e-05], [122918000.0, 0.01909228], [122917000.0, 0.00013133], [122916000.0, 0.00013017], [122908000.0, 0.00122025], [122907000.0, 0.00081362]], "asks": [[122957000.0, 0.53425179], [122958000.0, 0.01219929], [122961000.0, 0.00073311], [122980000.0, 0.00652584], [122981000.0, 0.00243877], [122983000.0, 0.00026719], [122989000.0, 0.00040701], [122990000.0, 0.93964166], [122995000.0, 0.35362123], [122999000.0, 0.04780003]]},
{"timestamp": 1743933312804, "bids": [[122923000.0, 0.07652553], [122922000.0, 0.20358329], [122921000.0, 0.04804023], [122920000.0, 0.0005618], [122919000.0, 9.415e-05], [122918000.0, 0.01909228], [122917000.0, 0.00013133], [122916000.0, 0.00013017], [122908000.0, 0.00122025], [122907000.0, 0.00081362]], "asks": [[122957000.0, 0.53425179], [122958000.0, 0.01219929], [122961000.0, 0.00073311], [122980000.0, 0.00652584], [122981000.0, 0.00243877], [122983000.0, 0.00026719], [122989000.0, 0.00040701], [122990000.0, 0.93964166], [122995000.0, 0.35362123], [122999000.0, 0.04780003]]},
{"timestamp": 1743933312904, "bids": [[122923000.0, 0.07652553], [122922000.0, 0.20358329], [122921000.0, 0.04804023], [122920000.0, 0.0005618], [122919000.0, 9.415e-05], [122918000.0, 0.01909228], [122917000.0, 0.00013133], [122916000.0, 0.00013017], [122908000.0, 0.00122025], [122907000.0, 0.00081362]], "asks": [[122957000.0, 0.53425179], [122958000.0, 0.01219929], [122961000.0, 0.00073311], [122980000.0, 0.00652584], [122981000.0, 0.00243877], [122983000.0, 0.00026719], [122989000.0, 0.00040701], [122990000.0, 0.93964166], [122995000.0, 0.35362123], [122999000.0, 0.04780003]]},
