[
{"timestamp": "1743771600190", "bids": [[122396000.0, 0.1638], [122395000.0, 0.0], [122388000.0, 0.0048], [122387000.0, 0.0024], [122384000.0, 0.0063], [122379000.0, 0.0845], [122378000.0, 0.0225], [122374000.0, 0.0122], [122372000.0, 0.0001], [122370000.0, 0.0]], "asks": [[122450000.0, 0.0022], [122453000.0, 0.0019], [122455000.0, 0.0], [122459000.0, 0.0], [122460000.0, 0.0003], [122463000.0, 0.0016], [122468000.0, 0.002], [122469000.0, 0.0832], [122470000.0, 0.0173], [122471000.0, 0.0184]]},
{"timestamp": "1743771600762", "bids": [[122432000.0, 0.0001], [122426000.0, 0.0225], [122397000.0, 0.0123], [122396000.0, 0.0077], [122395000.0, 0.0], [122388000.0, 0.0048], [122387000.0, 0.0024], [122386000.0, 0.0112], [122384000.0, 0.0063], [122380000.0, 0.0002]], "asks": [[122450000.0, 0.0022], [122453000.0, 0.0019], [122455000.0, 0.0], [122459000.0, 0.0], [122460000.0, 0.0003], [122463000.0, 0.0016], [122468000.0, 0.002], [122469000.0, 0.0832], [122470000.0, 0.0039], [122471000.0, 0.0184]]},
{"timestamp": "1743771601190", "bids": [[122432000.0, 0.0001], [122426000.0, 0.0422], [122423000.0, 0.0001], [122420000.0, 0.0074], [122397000.0, 0.018], [122395000.0, 0.0], [122390000.0, 0.0002], [122387000.0, 0.0024], [122386000.0, 0.0112], [122380000.0, 0.0002]], "asks": [[122450000.0, 0.0022], [122453000.0, 0.0019], [122455000.0, 0.0], [122459000.0, 0.0], [122460000.0, 0.0003], [122463000.0, 0.0016], [122468000.0, 0.002], [122470000.0, 0.0039], [122471000.0, 0.0184], [122472000.0, 0.0272]]},
{"timestamp": "1743771601688", "bids": [[122449000.0, 0.0023], [122433000.0, 0.0175], [122432000.0, 0.0244], [122426000.0, 0.0422], [122423000.0, 0.0001], [122420000.0, 0.0074], [122407000.0, 0.0323], [122406000.0, 0.0563], [122397000.0, 0.0173], [122395000.0, 0.0]], "asks": [[122450000.0, 0.0022], [122453000.0, 0.0019], [122455000.0, 0.0], [122459000.0, 0.0], [122460000.0, 0.0003], [122463000.0, 0.0016], [122468000.0, 0.002], [122470000.0, 0.0], [122471000.0, 0.0016], [122472000.0, 0.0045]]},
{"timestamp": "1743771602190", "bids": [[122449000.0, 0.0023], [122433000.0, 0.046], [122432000.0, 0.0243], [122426000.0, 0.0199], [122423000.0, 0.0001], [122422000.0, 0.0248], [122420000.0, 0.0074], [122407000.0, 0.0323], [122406000.0, 0.0563], [122400000.0, 0.0748]], "asks": [[122450000.0, 0.0022], [122453000.0, 0.0019], [122455000.0, 0.0], [122459000.0, 0.0], [122460000.0, 0.0003], [122463000.0, 0.0016], [122468000.0, 0.002], [122470000.0, 0.0], [122471000.0, 0.0016], [122472000.0, 0.0045]]},
{"timestamp": "1743771602691", "bids": [[122449000.0, 0.0112], [122433000.0, 0.0479], [122432000.0, 0.0243], [122427000.0, 0.0845], [122426000.0, 0.0002], [122422000.0, 0.0248], [122407000.0, 0.0323], [122406000.0, 0.0563], [122400000.0, 0.0963], [122398000.0, 0.0845]], "asks": [[122450000.0, 0.0022], [122453000.0, 0.0019], [122455000.0, 0.0], [122459000.0, 0.0], [122460000.0, 0.0003], [122463000.0, 0.0016], [122468000.0, 0.002], [122470000.0, 0.0], [122471000.0, 0.0016], [122472000.0, 0.0045]]},
{"timestamp": "1743771603190", "bids": [[122463000.0, 1.7592], [122457000.0, 0.0002], [122452000.0, 0.0329], [122450000.0, 0.0322], [122449000.0, 0.0926], [122447000.0, 0.002], [122446000.0, 0.0325], [122438000.0, 0.0358], [122437000.0, 0.0264], [122435000.0, 0.025]], "asks": [[122472000.0, 0.0003], [122473000.0, 0.0001], [122474000.0, 0.0], [122475000.0, 0.0], [122476000.0, 0.0036], [122480000.0, 0.0002], [122482000.0, 0.0002], [122485000.0, 0.0004], [122486000.0, 0.0002], [122488000.0, 0.0008]]},
{"timestamp": "1743771603691", "bids": [[122463000.0, 1.7592], [122457000.0, 0.0002], [122452000.0, 0.0329], [122451000.0, 0.0001], [122450000.0, 0.0322], [122449000.0, 0.1209], [122447000.0, 0.002], [122446000.0, 0.0325], [122438000.0, 0.0358], [122437000.0, 0.0264]], "asks": [[122472000.0, 0.0002], [122473000.0, 0.0001], [122474000.0, 0.0], [122475000.0, 0.0], [122476000.0, 0.0036], [122480000.0, 0.0002], [122482000.0, 0.0002], [122485000.0, 0.0004], [122486000.0, 0.0002], [122488000.0, 0.0008]]},
{"timestamp": "1743771604205", "bids": [[122477000.0, 0.0155], [122468000.0, 0.0074], [122465000.0, 0.0023], [122464000.0, 0.0005], [122452000.0, 0.0329], [122451000.0, 0.0001], [122449000.0, 0.0371], [122446000.0, 0.0243], [122440000.0, 0.0562], [122439000.0, 0.0258]], "asks": [[122480000.0, 0.0002], [122482000.0, 0.0002], [122485000.0, 0.0004], [122486000.0, 0.0002], [122488000.0, 0.0008], [122489000.0, 0.0], [122490000.0, 0.01], [122491000.0, 0.0003], [122492000.0, 0.0], [122493000.0, 0.0042]]},
{"timestamp": "1743771604692", "bids": [[122478000.0, 0.0006], [122477000.0, 0.0155], [122468000.0, 0.0074], [122464000.0, 0.0005], [122459000.0, 0.0112], [122453000.0, 0.0845], [122450000.0, 0.0845], [122449000.0, 0.0333], [122446000.0, 0.0244], [122440000.0, 0.0562]], "asks": [[122480000.0, 0.0002], [122482000.0, 0.0002], [122485000.0, 0.0004], [122486000.0, 0.0002], [122488000.0, 0.0008], [122489000.0, 0.0], [122490000.0, 0.01], [122491000.0, 0.0003], [122492000.0, 0.0], [122493000.0, 0.0042]]},
{"timestamp": "1743771605191", "bids": [[122478000.0, 0.0006], [122477000.0, 0.0155], [122468000.0, 0.0074], [122464000.0, 0.0005], [122459000.0, 0.0112], [122453000.0, 0.0845], [122450000.0, 0.0845], [122449000.0, 0.0333], [122440000.0, 0.0562], [122439000.0, 0.0258]], "asks": [[122480000.0, 0.0002], [122482000.0, 0.0002], [122485000.0, 0.0004], [122486000.0, 0.0002], [122488000.0, 0.0008], [122489000.0, 0.0], [122490000.0, 0.01], [122491000.0, 0.0003], [122492000.0, 0.0], [122493000.0, 0.0042]]},
{"timestamp": "1743771605692", "bids": [[122478000.0, 0.0006], [122477000.0, 0.0155], [122468000.0, 0.0074], [122464000.0, 0.0004], [122459000.0, 0.0112], [122449000.0, 0.0285], [122440000.0, 0.0562], [122439000.0, 0.0258], [122430000.0, 0.0001], [122413000.0, 0.0116]], "asks": [[122480000.0, 0.0002], [122482000.0, 0.0002], [122485000.0, 0.0004], [122486000.0, 0.0002], [122488000.0, 0.0008], [122489000.0, 0.0], [122490000.0, 0.01], [122491000.0, 0.0003], [122492000.0, 0.0], [122493000.0, 0.0042]]},
{"timestamp": "1743771606214", "bids": [[122478000.0, 0.0006], [122464000.0, 0.0004], [122449000.0, 0.0285], [122430000.0, 0.0001], [122413000.0, 0.0116], [122412000.0, 0.0225], [122403000.0, 0.0064], [122400000.0, 0.0326], [122395000.0, 0.0], [122394000.0, 0.0322]], "asks": [[122480000.0, 0.0002], [122482000.0, 0.0002], [122485000.0, 0.0004], [122486000.0, 0.0002], [122488000.0, 0.0008], [122489000.0, 0.0], [122490000.0, 0.01], [122491000.0, 0.0003], [122492000.0, 0.0], [122493000.0, 0.0042]]},
{"timestamp": "1743771606692", "bids": [[122479000.0, 0.1444], [122449000.0, 0.0285], [122438000.0, 0.0048], [122414000.0, 0.0845], [122412000.0, 0.0227], [122410000.0, 0.0023], [122403000.0, 0.0328], [122400000.0, 0.0655], [122395000.0, 0.0], [122388000.0, 0.0506]], "asks": [[122480000.0, 0.0002], [122482000.0, 0.0002], [122485000.0, 0.0004], [122486000.0, 0.0002], [122488000.0, 0.0008], [122489000.0, 0.0], [122490000.0, 0.01], [122491000.0, 0.0003], [122492000.0, 0.0], [122493000.0, 0.0042]]},
{"timestamp": "1743771607190", "bids": [[122479000.0, 0.1331], [122449000.0, 0.0285], [122438000.0, 0.0048], [122414000.0, 0.0845], [122413000.0, 0.0845], [122412000.0, 0.0227], [122410000.0, 0.0023], [122408000.0, 0.0112], [122406000.0, 0.0156], [122404000.0, 0.0074]], "asks": [[122480000.0, 0.0002], [122482000.0, 0.0002], [122485000.0, 0.0004], [122486000.0, 0.0002], [122488000.0, 0.0008], [122489000.0, 0.0], [122490000.0, 0.01], [122491000.0, 0.0003], [122492000.0, 0.0], [122493000.0, 0.0042]]},
{"timestamp": "1743771607697", "bids": [[122468000.0, 0.0189], [122449000.0, 0.0285], [122438000.0, 0.0048], [122428000.0, 0.022], [122413000.0, 0.0845], [122412000.0, 0.0225], [122408000.0, 0.0112], [122406000.0, 0.0156], [122404000.0, 0.0074], [122403000.0, 0.0264]], "asks": [[122485000.0, 0.0001], [122486000.0, 0.0002], [122488000.0, 0.0008], [122489000.0, 0.0], [122490000.0, 0.01], [122491000.0, 0.0003], [122492000.0, 0.0], [122493000.0, 0.0042], [122494000.0, 0.0008], [122497000.0, 0.0212]]},
{"timestamp": "1743771608191", "bids": [[122479000.0, 0.0098], [122468000.0, 0.0189], [122449000.0, 0.0285], [122428000.0, 0.022], [122418000.0, 0.0244], [122417000.0, 0.0005], [122415000.0, 0.0247], [122413000.0, 0.0845], [122412000.0, 0.0225], [122409000.0, 0.0113]], "asks": [[122485000.0, 0.0001], [122486000.0, 0.0002], [122488000.0, 0.0008], [122489000.0, 0.0], [122490000.0, 0.01], [122491000.0, 0.0003], [122492000.0, 0.0], [122493000.0, 0.0042], [122494000.0, 0.0008], [122497000.0, 0.0212]]},
{"timestamp": "1743771608687", "bids": [[122479000.0, 0.002], [122468000.0, 0.0189], [122449000.0, 0.0285], [122444000.0, 0.0116], [122430000.0, 0.0001], [122428000.0, 0.0001], [122418000.0, 0.0244], [122417000.0, 0.0006], [122415000.0, 0.0247], [122412000.0, 0.0472]], "asks": [[122485000.0, 0.0001], [122486000.0, 0.0002], [122488000.0, 0.0008], [122489000.0, 0.0], [122490000.0, 0.01], [122491000.0, 0.0003], [122492000.0, 0.0], [122493000.0, 0.0042], [122494000.0, 0.0008], [122497000.0, 0.0212]]},
{"timestamp": "1743771609191", "bids": [[122473000.0, 0.0048], [122468000.0, 0.0189], [122450000.0, 0.0836], [122449000.0, 0.0285], [122448000.0, 0.0023], [122444000.0, 0.0116], [122440000.0, 0.0112], [122430000.0, 0.0001], [122428000.0, 0.0001], [122417000.0, 0.0006]], "asks": [[122485000.0, 0.0001], [122486000.0, 0.0002], [122488000.0, 0.0008], [122489000.0, 0.0], [122490000.0, 0.01], [122491000.0, 0.0003], [122492000.0, 0.0], [122493000.0, 0.0042], [122494000.0, 0.0008], [122497000.0, 0.0212]]},
{"timestamp": "1743771609694", "bids": [[122473000.0, 0.0048], [122468000.0, 0.0189], [122459000.0, 0.0074], [122450000.0, 0.0836], [122449000.0, 0.0285], [122448000.0, 0.0023], [122445000.0, 0.0156], [122444000.0, 0.0116], [122440000.0, 0.0112], [122430000.0, 0.0001]], "asks": [[122485000.0, 0.0001], [122486000.0, 0.0002], [122488000.0, 0.0008], [122489000.0, 0.0], [122490000.0, 0.01], [122491000.0, 0.0003], [122492000.0, 0.0], [122493000.0, 0.0042], [122494000.0, 0.0008], [122497000.0, 0.0212]]},
{"timestamp": "1743771610190", "bids": [[122468000.0, 0.0189], [122459000.0, 0.0074], [122457000.0, 0.022], [122449000.0, 0.0285], [122445000.0, 0.0992], [122444000.0, 0.0116], [122440000.0, 0.0112], [122433000.0, 0.0245], [122430000.0, 0.0001], [122427000.0, 0.0522]], "asks": [[122485000.0, 0.0001], [122486000.0, 0.0002], [122488000.0, 0.0008], [122489000.0, 0.0], [122490000.0, 0.01], [122491000.0, 0.0003], [122492000.0, 0.0], [122493000.0, 0.0042], [122494000.0, 0.0008], [122497000.0, 0.0212]]},
{"timestamp": "1743771610693", "bids": [[122468000.0, 0.0189], [122467000.0, 0.0048], [122450000.0, 0.0836], [122449000.0, 0.0308], [122433000.0, 0.0245], [122427000.0, 0.0522], [122422000.0, 0.0247], [122417000.0, 0.025], [122415000.0, 0.0036], [122412000.0, 0.0225]], "asks": [[122485000.0, 0.0001], [122486000.0, 0.0002], [122488000.0, 0.0008], [122489000.0, 0.0], [122490000.0, 0.01], [122491000.0, 0.0003], [122492000.0, 0.0], [122493000.0, 0.0042], [122494000.0, 0.0008], [122497000.0, 0.0212]]},
{"timestamp": "1743771611193", "bids": [[122468000.0, 0.0189], [122467000.0, 0.0048], [122449000.0, 0.0285], [122427000.0, 0.0258], [122425000.0, 0.0325], [122417000.0, 0.025], [122415000.0, 0.0036], [122412000.0, 0.0373], [122407000.0, 0.386], [122406000.0, 0.0116]], "asks": [[122485000.0, 0.0001], [122486000.0, 0.0002], [122488000.0, 0.0008], [122489000.0, 0.0], [122490000.0, 0.01], [122491000.0, 0.0003], [122492000.0, 0.0], [122493000.0, 0.0042], [122494000.0, 0.0008], [122497000.0, 0.0212]]},
{"timestamp": "1743771611690", "bids": [[122480000.0, 0.0005], [122468000.0, 0.0189], [122449000.0, 0.0285], [122441000.0, 0.0836], [122437000.0, 0.0114], [122436000.0, 0.022], [122425000.0, 0.0325], [122424000.0, 0.0268], [122416000.0, 0.0322], [122415000.0, 0.0036]], "asks": [[122485000.0, 0.0001], [122486000.0, 0.0002], [122488000.0, 0.0008], [122489000.0, 0.0], [122490000.0, 0.01], [122491000.0, 0.0003], [122492000.0, 0.0], [122493000.0, 0.0042], [122494000.0, 0.0008], [122497000.0, 0.0212]]},
{"timestamp": "1743771612193", "bids": [[122480000.0, 0.0005], [122469000.0, 0.0973], [122468000.0, 0.0189], [122449000.0, 0.0285], [122443000.0, 0.0003], [122439000.0, 0.0074], [122438000.0, 0.0836], [122437000.0, 0.0114], [122425000.0, 0.0325], [122424000.0, 0.0268]], "asks": [[122485000.0, 0.0001], [122486000.0, 0.0002], [122488000.0, 0.0008], [122489000.0, 0.0], [122490000.0, 0.01], [122491000.0, 0.0003], [122492000.0, 0.0], [122493000.0, 0.0042], [122494000.0, 0.0008], [122497000.0, 0.0212]]},
{"timestamp": "1743771612693", "bids": [[122481000.0, 0.0032], [122480000.0, 0.0005], [122469000.0, 0.0973], [122468000.0, 0.0189], [122449000.0, 0.0285], [122448000.0, 0.0023], [122443000.0, 0.0003], [122439000.0, 0.0074], [122438000.0, 0.0836], [122437000.0, 0.0114]], "asks": [[122485000.0, 0.0001], [122486000.0, 0.0002], [122488000.0, 0.0008], [122489000.0, 0.0], [122490000.0, 0.01], [122491000.0, 0.0003], [122492000.0, 0.0], [122493000.0, 0.0042], [122494000.0, 0.0008], [122497000.0, 0.0212]]},
{"timestamp": "1743771613227", "bids": [[122493000.0, 1.748], [122481000.0, 0.0391], [122479000.0, 0.0003], [122470000.0, 0.0836], [122469000.0, 0.0638], [122468000.0, 0.0189], [122449000.0, 0.0285], [122448000.0, 0.0023], [122443000.0, 0.0003], [122431000.0, 0.0004]], "asks": [[122494000.0, 0.0004], [122497000.0, 0.0212], [122499000.0, 0.0055], [122500000.0, 0.0338], [122502000.0, 0.0], [122503000.0, 0.0], [122504000.0, 0.0002], [122505000.0, 0.0081], [122506000.0, 0.0013], [122507000.0, 0.0094]]},
{"timestamp": "1743771613695", "bids": [[122493000.0, 1.748], [122486000.0, 0.022], [122482000.0, 0.004], [122481000.0, 0.0391], [122479000.0, 0.0003], [122470000.0, 0.0896], [122468000.0, 0.0189], [122467000.0, 0.0003], [122455000.0, 0.0325], [122450000.0, 0.0001]], "asks": [[122494000.0, 0.0004], [122497000.0, 0.0212], [122499000.0, 0.0055], [122500000.0, 0.0338], [122502000.0, 0.0], [122503000.0, 0.0], [122504000.0, 0.0002], [122505000.0, 0.0081], [122506000.0, 0.0013], [122507000.0, 0.0053]]},
{"timestamp": "1743771614194", "bids": [[122493000.0, 0.0225], [122486000.0, 0.022], [122482000.0, 0.0075], [122479000.0, 0.0003], [122473000.0, 0.0112], [122470000.0, 0.0896], [122467000.0, 0.0003], [122461000.0, 0.0001], [122455000.0, 0.0325], [122450000.0, 0.0001]], "asks": [[122500000.0, 0.0289], [122502000.0, 0.0], [122503000.0, 0.0], [122504000.0, 0.0002], [122505000.0, 0.0081], [122506000.0, 0.0013], [122507000.0, 0.0053], [122508000.0, 0.0], [122509000.0, 0.0017], [122510000.0, 0.0041]]},
{"timestamp": "1743771614687", "bids": [[122497000.0, 0.0216], [122493000.0, 0.0225], [122490000.0, 0.0074], [122486000.0, 0.022], [122482000.0, 0.004], [122481000.0, 0.0023], [122479000.0, 0.0003], [122476000.0, 0.0156], [122473000.0, 0.0112], [122470000.0, 0.101]], "asks": [[122500000.0, 0.0289], [122502000.0, 0.0], [122503000.0, 0.0], [122504000.0, 0.0002], [122505000.0, 0.0081], [122506000.0, 0.0013], [122507000.0, 0.0053], [122508000.0, 0.0], [122509000.0, 0.0017], [122510000.0, 0.0041]]},
{"timestamp": "1743771615195", "bids": [[122498000.0, 0.0107], [122497000.0, 0.0216], [122493000.0, 0.0225], [122490000.0, 0.0074], [122486000.0, 0.022], [122482000.0, 0.004], [122481000.0, 0.0023], [122476000.0, 0.0156], [122473000.0, 0.0112], [122470000.0, 0.0174]], "asks": [[122500000.0, 0.0037], [122502000.0, 0.0], [122503000.0, 0.0], [122504000.0, 0.0002], [122505000.0, 0.0081], [122506000.0, 0.0013], [122507000.0, 0.0053], [122508000.0, 0.0], [122509000.0, 0.0017], [122510000.0, 0.0041]]},
{"timestamp": "1743771615694", "bids": [[122498000.0, 0.0107], [122493000.0, 0.0225], [122490000.0, 0.0074], [122489000.0, 0.0191], [122482000.0, 0.004], [122481000.0, 0.0023], [122476000.0, 0.0156], [122473000.0, 0.0112], [122470000.0, 0.0174], [122461000.0, 0.0065]], "asks": [[122500000.0, 0.0037], [122502000.0, 0.0], [122503000.0, 0.0], [122504000.0, 0.0002], [122505000.0, 0.0081], [122506000.0, 0.0013], [122507000.0, 0.0053], [122508000.0, 0.0], [122509000.0, 0.0017], [122510000.0, 0.0041]]},
{"timestamp": "1743771616196", "bids": [[122498000.0, 0.0107], [122493000.0, 0.0225], [122489000.0, 0.0191], [122482000.0, 0.004], [122477000.0, 0.0829], [122473000.0, 0.0112], [122470000.0, 0.006], [122451000.0, 0.0002], [122450000.0, 0.0001], [122449000.0, 0.0225]], "asks": [[122500000.0, 0.0037], [122502000.0, 0.0], [122503000.0, 0.0], [122504000.0, 0.0002], [122505000.0, 0.0081], [122506000.0, 0.0013], [122507000.0, 0.0053], [122508000.0, 0.0], [122509000.0, 0.0017], [122510000.0, 0.0041]]},
{"timestamp": "1743771616694", "bids": [[122499000.0, 0.0002], [122498000.0, 0.0107], [122493000.0, 0.0225], [122482000.0, 0.0114], [122479000.0, 0.022], [122477000.0, 0.0829], [122474000.0, 0.0829], [122473000.0, 0.0023], [122460000.0, 0.0114], [122454000.0, 0.0244]], "asks": [[122500000.0, 0.0037], [122502000.0, 0.0], [122503000.0, 0.0], [122504000.0, 0.0002], [122505000.0, 0.0081], [122506000.0, 0.0013], [122507000.0, 0.0053], [122508000.0, 0.0], [122509000.0, 0.0017], [122510000.0, 0.0041]]},
{"timestamp": "1743771617197", "bids": [[122499000.0, 0.0002], [122498000.0, 0.0107], [122493000.0, 0.0225], [122485000.0, 0.1312], [122482000.0, 0.0114], [122479000.0, 0.022], [122473000.0, 0.0023], [122470000.0, 0.0829], [122469000.0, 0.052], [122460000.0, 0.0114]], "asks": [[122500000.0, 0.0037], [122502000.0, 0.0], [122503000.0, 0.0], [122504000.0, 0.0002], [122505000.0, 0.0081], [122506000.0, 0.0013], [122507000.0, 0.0053], [122508000.0, 0.0], [122509000.0, 0.0017], [122510000.0, 0.0041]]},
{"timestamp": "1743771617707", "bids": [[122499000.0, 0.0002], [122498000.0, 0.0107], [122493000.0, 0.0225], [122485000.0, 0.1263], [122482000.0, 0.0114], [122479000.0, 0.022], [122473000.0, 0.0023], [122460000.0, 0.0114], [122454000.0, 0.0245], [122452000.0, 0.0264]], "asks": [[122500000.0, 0.0028], [122502000.0, 0.0], [122503000.0, 0.0], [122504000.0, 0.0002], [122505000.0, 0.0081], [122506000.0, 0.0013], [122507000.0, 0.0053], [122508000.0, 0.0], [122509000.0, 0.0017], [122510000.0, 0.0041]]},
{"timestamp": "1743771618198", "bids": [[122499000.0, 0.0002], [122498000.0, 0.0107], [122493000.0, 0.0225], [122485000.0, 0.1263], [122484000.0, 0.0048], [122482000.0, 0.0114], [122473000.0, 0.0023], [122460000.0, 0.0114], [122454000.0, 0.0245], [122452000.0, 0.0264]], "asks": [[122500000.0, 0.0028], [122502000.0, 0.0], [122503000.0, 0.0], [122504000.0, 0.0002], [122505000.0, 0.0081], [122506000.0, 0.0013], [122507000.0, 0.0053], [122508000.0, 0.0], [122509000.0, 0.0017], [122510000.0, 0.0041]]},
{"timestamp": "1743771618696", "bids": [[122499000.0, 0.0002], [122498000.0, 0.0107], [122493000.0, 0.0225], [122485000.0, 0.1263], [122484000.0, 0.0048], [122482000.0, 0.0114], [122481000.0, 0.022], [122473000.0, 0.0023], [122452000.0, 0.0264], [122449000.0, 0.0225]], "asks": [[122500000.0, 0.0016], [122502000.0, 0.0], [122503000.0, 0.0], [122504000.0, 0.0002], [122505000.0, 0.0081], [122506000.0, 0.0013], [122507000.0, 0.0053], [122508000.0, 0.0], [122509000.0, 0.0017], [122510000.0, 0.0041]]},
{"timestamp": "1743771619195", "bids": [[122499000.0, 0.0939], [122498000.0, 0.0107], [122493000.0, 0.0225], [122486000.0, 0.0829], [122485000.0, 0.1263], [122484000.0, 0.0048], [122482000.0, 0.004], [122481000.0, 0.022], [122474000.0, 0.0268], [122466000.0, 0.0153]], "asks": [[122500000.0, 0.0016], [122502000.0, 0.0], [122503000.0, 0.0], [122504000.0, 0.0002], [122505000.0, 0.0081], [122506000.0, 0.0013], [122507000.0, 0.0053], [122508000.0, 0.0], [122509000.0, 0.0017], [122510000.0, 0.0041]]},
{"timestamp": "1743771619692", "bids": [[122512000.0, 1.7246], [122508000.0, 0.0165], [122499000.0, 0.0399], [122498000.0, 0.0107], [122494000.0, 0.0829], [122493000.0, 0.0225], [122485000.0, 0.1263], [122484000.0, 0.0048], [122482000.0, 0.004], [122481000.0, 0.0023]], "asks": [[122513000.0, 0.0008], [122514000.0, 0.0008], [122515000.0, 0.0005], [122517000.0, 0.0], [122519000.0, 0.0024], [122520000.0, 0.0044], [122522000.0, 0.0127], [122523000.0, 0.0002], [122525000.0, 0.002], [122529000.0, 0.0033]]},
{"timestamp": "1743771620201", "bids": [[122523000.0, 0.006], [122512000.0, 1.7246], [122508000.0, 0.0165], [122499000.0, 0.0458], [122498000.0, 0.0107], [122494000.0, 0.0829], [122493000.0, 0.0225], [122485000.0, 0.1263], [122484000.0, 0.0048], [122482000.0, 0.0041]], "asks": [[122525000.0, 0.002], [122529000.0, 0.0033], [122530000.0, 0.0532], [122531000.0, 0.002], [122532000.0, 0.02], [122534000.0, 0.0001], [122535000.0, 0.0001], [122536000.0, 0.027], [122538000.0, 0.0037], [122539000.0, 0.0012]]},
{"timestamp": "1743771620690", "bids": [[122525000.0, 0.0445], [122523000.0, 0.022], [122512000.0, 0.0025], [122499000.0, 0.006], [122498000.0, 0.0107], [122494000.0, 0.0903], [122493000.0, 0.0225], [122485000.0, 0.1263], [122484000.0, 0.0048], [122483000.0, 0.0246]], "asks": [[122529000.0, 0.0033], [122530000.0, 0.0532], [122531000.0, 0.002], [122532000.0, 0.02], [122534000.0, 0.0001], [122535000.0, 0.0001], [122536000.0, 0.027], [122538000.0, 0.0037], [122539000.0, 0.0012], [122540000.0, 0.0032]]},
{"timestamp": "1743771621195", "bids": [[122525000.0, 0.0445], [122523000.0, 0.022], [122512000.0, 0.0085], [122511000.0, 0.0268], [122499000.0, 0.0058], [122498000.0, 0.0001], [122494000.0, 0.0074], [122493000.0, 0.0225], [122486000.0, 0.0322], [122485000.0, 0.1263]], "asks": [[122529000.0, 0.0033], [122530000.0, 0.0532], [122531000.0, 0.002], [122532000.0, 0.02], [122534000.0, 0.0001], [122535000.0, 0.0001], [122536000.0, 0.027], [122538000.0, 0.0037], [122539000.0, 0.0012], [122540000.0, 0.0032]]},
{"timestamp": "1743771621697", "bids": [[122523000.0, 0.022], [122517000.0, 0.0023], [122512000.0, 0.0083], [122511000.0, 0.0268], [122499000.0, 0.0027], [122498000.0, 0.0245], [122494000.0, 0.0074], [122493000.0, 0.0225], [122492000.0, 0.0329], [122488000.0, 0.0248]], "asks": [[122529000.0, 0.0033], [122530000.0, 0.0532], [122531000.0, 0.002], [122532000.0, 0.02], [122534000.0, 0.0001], [122535000.0, 0.0001], [122536000.0, 0.027], [122538000.0, 0.0812], [122539000.0, 0.0012], [122540000.0, 0.0032]]},
{"timestamp": "1743771622195", "bids": [[122526000.0, 0.0103], [122523000.0, 0.022], [122517000.0, 0.0023], [122513000.0, 0.0821], [122512000.0, 0.0023], [122511000.0, 0.0268], [122509000.0, 0.0361], [122499000.0, 0.0027], [122498000.0, 0.0245], [122494000.0, 0.0074]], "asks": [[122529000.0, 0.0033], [122530000.0, 0.0532], [122531000.0, 0.002], [122532000.0, 0.02], [122534000.0, 0.0001], [122535000.0, 0.0001], [122536000.0, 0.027], [122538000.0, 0.0812], [122539000.0, 0.0012], [122540000.0, 0.0032]]},
{"timestamp": "1743771622696", "bids": [[122527000.0, 0.0112], [122526000.0, 0.0103], [122524000.0, 0.0821], [122523000.0, 0.022], [122517000.0, 0.0023], [122513000.0, 0.0821], [122512000.0, 0.0023], [122511000.0, 0.0268], [122509000.0, 0.0361], [122498000.0, 0.0245]], "asks": [[122529000.0, 0.0033], [122530000.0, 0.0532], [122531000.0, 0.002], [122532000.0, 0.02], [122534000.0, 0.0001], [122535000.0, 0.0001], [122536000.0, 0.027], [122538000.0, 0.0812], [122539000.0, 0.0012], [122540000.0, 0.0032]]},
{"timestamp": "1743771623194", "bids": [[122527000.0, 0.0112], [122526000.0, 0.0103], [122517000.0, 0.0023], [122512000.0, 0.0023], [122511000.0, 0.0156], [122493000.0, 0.0225], [122492000.0, 0.0329], [122488000.0, 0.0248], [122482000.0, 0.0566], [122480000.0, 0.0358]], "asks": [[122529000.0, 0.0033], [122530000.0, 0.0532], [122531000.0, 0.002], [122532000.0, 0.02], [122534000.0, 0.0001], [122535000.0, 0.0001], [122536000.0, 0.027], [122538000.0, 0.0812], [122539000.0, 0.0012], [122540000.0, 0.0032]]},
{"timestamp": "1743771623697", "bids": [[122528000.0, 0.0821], [122527000.0, 0.0112], [122526000.0, 0.0103], [122512000.0, 0.0023], [122497000.0, 0.0114], [122493000.0, 0.0225], [122491000.0, 0.0244], [122488000.0, 0.0258], [122485000.0, 0.0325], [122482000.0, 0.0005]], "asks": [[122529000.0, 0.0033], [122530000.0, 0.0532], [122531000.0, 0.002], [122532000.0, 0.02], [122534000.0, 0.0001], [122535000.0, 0.0001], [122536000.0, 0.027], [122538000.0, 0.0812], [122539000.0, 0.0012], [122540000.0, 0.0032]]},
{"timestamp": "1743771624218", "bids": [[122528000.0, 0.2156], [122527000.0, 0.0112], [122526000.0, 0.0103], [122516000.0, 0.022], [122512000.0, 0.0956], [122497000.0, 0.0114], [122493000.0, 0.0225], [122491000.0, 0.0244], [122488000.0, 0.0322], [122485000.0, 0.0325]], "asks": [[122532000.0, 0.0097], [122534000.0, 0.0001], [122535000.0, 0.0001], [122536000.0, 0.027], [122538000.0, 0.0812], [122539000.0, 0.0012], [122540000.0, 0.0032], [122541000.0, 0.0004], [122543000.0, 0.0058], [122544000.0, 0.0086]]},
{"timestamp": "1743771624698", "bids": [[122531000.0, 0.0225], [122530000.0, 0.0074], [122528000.0, 0.2156], [122527000.0, 0.0112], [122526000.0, 0.0103], [122522000.0, 0.0023], [122519000.0, 0.0153], [122516000.0, 0.0488], [122512000.0, 0.0956], [122504000.0, 0.0001]], "asks": [[122532000.0, 0.0094], [122534000.0, 0.0001], [122535000.0, 0.0001], [122536000.0, 0.027], [122538000.0, 0.0812], [122539000.0, 0.0012], [122540000.0, 0.0032], [122541000.0, 0.0004], [122543000.0, 0.0058], [122544000.0, 0.0086]]},
{"timestamp": "1743771625198", "bids": [[122531000.0, 0.0225], [122530000.0, 0.0074], [122529000.0, 0.0008], [122527000.0, 0.0112], [122526000.0, 0.0103], [122522000.0, 0.0023], [122516000.0, 0.0268], [122512000.0, 0.0023], [122504000.0, 0.0001], [122498000.0, 0.0329]], "asks": [[122532000.0, 0.0082], [122534000.0, 0.0001], [122535000.0, 0.0001], [122536000.0, 0.027], [122538000.0, 0.0812], [122539000.0, 0.0012], [122540000.0, 0.0032], [122541000.0, 0.0004], [122543000.0, 0.0058], [122544000.0, 0.0086]]},
{"timestamp": "1743771625697", "bids": [[122531000.0, 0.0225], [122530000.0, 0.0074], [122527000.0, 0.0112], [122526000.0, 0.0103], [122522000.0, 0.0023], [122512000.0, 0.0023], [122498000.0, 0.0329], [122493000.0, 0.0225], [122488000.0, 0.0627], [122487000.0, 0.0003]], "asks": [[122532000.0, 0.0082], [122534000.0, 0.0001], [122535000.0, 0.0001], [122536000.0, 0.027], [122538000.0, 0.0812], [122539000.0, 0.0012], [122540000.0, 0.0032], [122541000.0, 0.0004], [122543000.0, 0.0058], [122544000.0, 0.0086]]},
{"timestamp": "1743771626195", "bids": [[122531000.0, 0.0225], [122527000.0, 0.0112], [122526000.0, 0.0103], [122517000.0, 0.0824], [122513000.0, 0.0302], [122512000.0, 0.0023], [122499000.0, 0.1082], [122495000.0, 0.0325], [122493000.0, 0.0225], [122489000.0, 0.0244]], "asks": [[122532000.0, 0.0066], [122534000.0, 0.0001], [122535000.0, 0.0001], [122536000.0, 0.027], [122538000.0, 0.0812], [122539000.0, 0.0012], [122540000.0, 0.0032], [122541000.0, 0.0004], [122543000.0, 0.0058], [122544000.0, 0.0086]]},
{"timestamp": "1743771626699", "bids": [[122531000.0, 0.0384], [122527000.0, 0.0112], [122526000.0, 0.0103], [122513000.0, 0.0082], [122512000.0, 0.0023], [122505000.0, 0.0023], [122499000.0, 0.135], [122495000.0, 0.0439], [122493000.0, 0.0225], [122487000.0, 0.0001]], "asks": [[122532000.0, 0.0066], [122534000.0, 0.0001], [122535000.0, 0.0001], [122536000.0, 0.027], [122538000.0, 0.0812], [122539000.0, 0.0012], [122540000.0, 0.0032], [122541000.0, 0.0004], [122543000.0, 0.0058], [122544000.0, 0.0086]]},
{"timestamp": "1743771627197", "bids": [[122531000.0, 0.1321], [122527000.0, 0.0112], [122526000.0, 0.0103], [122514000.0, 0.0074], [122513000.0, 0.0082], [122512000.0, 0.0023], [122505000.0, 0.0023], [122499000.0, 0.0268], [122495000.0, 0.0114], [122493000.0, 0.0225]], "asks": [[122532000.0, 0.0015], [122534000.0, 0.0001], [122535000.0, 0.0001], [122536000.0, 0.027], [122538000.0, 0.0812], [122539000.0, 0.0012], [122540000.0, 0.0032], [122541000.0, 0.0004], [122543000.0, 0.0058], [122544000.0, 0.0086]]},
{"timestamp": "1743771627698", "bids": [[122531000.0, 0.1163], [122527000.0, 0.0332], [122526000.0, 0.0103], [122517000.0, 0.0008], [122514000.0, 0.0074], [122512000.0, 0.0023], [122505000.0, 0.0023], [122499000.0, 0.0268], [122493000.0, 0.0225], [122487000.0, 0.0244]], "asks": [[122538000.0, 0.0277], [122539000.0, 0.0012], [122540000.0, 0.0032], [122541000.0, 0.0004], [122543000.0, 0.0058], [122544000.0, 0.0086], [122545000.0, 0.0009], [122546000.0, 0.0001], [122547000.0, 0.0044], [122548000.0, 0.0006]]},
{"timestamp": "1743771628196", "bids": [[122532000.0, 0.0045], [122531000.0, 0.0285], [122527000.0, 0.0332], [122526000.0, 0.0044], [122517000.0, 0.0008], [122514000.0, 0.0074], [122512000.0, 0.0023], [122508000.0, 0.0001], [122503000.0, 0.0244], [122500000.0, 0.0264]], "asks": [[122538000.0, 0.0277], [122539000.0, 0.0012], [122540000.0, 0.0032], [122541000.0, 0.0004], [122543000.0, 0.0058], [122544000.0, 0.0086], [122545000.0, 0.0009], [122546000.0, 0.0001], [122547000.0, 0.0044], [122548000.0, 0.0006]]},
{"timestamp": "1743771628695", "bids": [[122532000.0, 0.0045], [122531000.0, 0.0333], [122527000.0, 0.0112], [122526000.0, 0.0044], [122520000.0, 0.0268], [122514000.0, 0.0114], [122512000.0, 0.0023], [122508000.0, 0.0001], [122505000.0, 0.0258], [122500000.0, 0.0264]], "asks": [[122549000.0, 0.0007], [122550000.0, 0.0046], [122551000.0, 0.011], [122552000.0, 0.0092], [122553000.0, 0.0013], [122554000.0, 0.0147], [122555000.0, 0.0025], [122556000.0, 0.0009], [122557000.0, 0.0034], [122559000.0, 0.0006]]},
{"timestamp": "1743771629199", "bids": [[122532000.0, 0.0265], [122531000.0, 0.0285], [122527000.0, 0.0112], [122526000.0, 0.0044], [122520000.0, 0.0268], [122514000.0, 0.0114], [122512000.0, 0.0023], [122508000.0, 0.0001], [122505000.0, 0.0258], [122500000.0, 0.0264]], "asks": [[122551000.0, 0.0052], [122552000.0, 0.0092], [122553000.0, 0.0013], [122554000.0, 0.0147], [122555000.0, 0.0025], [122556000.0, 0.0009], [122557000.0, 0.0034], [122559000.0, 0.0006], [122560000.0, 0.0012], [122561000.0, 0.0001]]},
{"timestamp": "1743771629695", "bids": [[122533000.0, 0.0059], [122532000.0, 0.0265], [122531000.0, 0.0225], [122527000.0, 0.0222], [122526000.0, 0.0067], [122520000.0, 0.0268], [122514000.0, 0.0114], [122512000.0, 0.0023], [122508000.0, 0.0245], [122505000.0, 0.0258]], "asks": [[122551000.0, 0.0052], [122552000.0, 0.0092], [122553000.0, 0.0013], [122554000.0, 0.0147], [122555000.0, 0.0025], [122556000.0, 0.0009], [122557000.0, 0.0034], [122559000.0, 0.0006], [122560000.0, 0.0012], [122561000.0, 0.0001]]},
{"timestamp": "1743771630204", "bids": [[122533000.0, 0.0059], [122532000.0, 0.0265], [122531000.0, 0.0225], [122527000.0, 0.0222], [122526000.0, 0.0067], [122520000.0, 0.0268], [122514000.0, 0.0114], [122512000.0, 0.0023], [122508000.0, 0.0245], [122505000.0, 0.0258]], "asks": [[122551000.0, 0.0052], [122552000.0, 0.0092], [122553000.0, 0.0013], [122554000.0, 0.0147], [122555000.0, 0.0025], [122556000.0, 0.0009], [122557000.0, 0.0034], [122559000.0, 0.0006], [122560000.0, 0.0012], [122561000.0, 0.0001]]},
{"timestamp": "1743771630703", "bids": [[122534000.0, 0.1334], [122533000.0, 0.0059], [122532000.0, 0.022], [122531000.0, 0.0225], [122527000.0, 0.0222], [122526000.0, 0.0067], [122520000.0, 0.0268], [122514000.0, 0.0114], [122512000.0, 0.0023], [122508000.0, 0.0001]], "asks": [[122551000.0, 0.0], [122552000.0, 0.0092], [122553000.0, 0.0013], [122554000.0, 0.0147], [122555000.0, 0.0025], [122556000.0, 0.0009], [122557000.0, 0.0034], [122559000.0, 0.0006], [122560000.0, 0.0012], [122561000.0, 0.0001]]},
{"timestamp": "1743771631203", "bids": [[122534000.0, 0.1334], [122533000.0, 0.0059], [122531000.0, 0.0225], [122527000.0, 0.0222], [122526000.0, 0.0044], [122512000.0, 0.0023], [122500000.0, 0.0802], [122496000.0, 0.0002], [122493000.0, 0.0225], [122488000.0, 0.0163]], "asks": [[122551000.0, 0.0], [122552000.0, 0.0092], [122553000.0, 0.0013], [122554000.0, 0.0147], [122555000.0, 0.0025], [122556000.0, 0.0009], [122557000.0, 0.0034], [122559000.0, 0.0006], [122560000.0, 0.0012], [122561000.0, 0.0001]]},
{"timestamp": "1743771631699", "bids": [[122540000.0, 0.0074], [122535000.0, 0.1341], [122531000.0, 0.0225], [122527000.0, 0.0222], [122526000.0, 0.0044], [122516000.0, 0.44], [122515000.0, 0.0244], [122512000.0, 0.0287], [122511000.0, 0.0064], [122504000.0, 0.0329]], "asks": [[122552000.0, 0.0091], [122553000.0, 0.0013], [122554000.0, 0.0147], [122555000.0, 0.0025], [122556000.0, 0.0009], [122557000.0, 0.0034], [122559000.0, 0.0006], [122560000.0, 0.0012], [122561000.0, 0.0001], [122563000.0, 0.0034]]},
{"timestamp": "1743771632201", "bids": [[122545000.0, 0.022], [122540000.0, 0.0074], [122539000.0, 0.0023], [122535000.0, 0.1391], [122531000.0, 0.0381], [122527000.0, 0.0224], [122526000.0, 0.0044], [122523000.0, 0.0114], [122521000.0, 0.0001], [122516000.0, 0.44]], "asks": [[122552000.0, 0.0091], [122553000.0, 0.0013], [122554000.0, 0.0147], [122555000.0, 0.0025], [122556000.0, 0.0009], [122557000.0, 0.0034], [122559000.0, 0.0006], [122560000.0, 0.0012], [122561000.0, 0.0001], [122563000.0, 0.0034]]},
{"timestamp": "1743771632700", "bids": [[122546000.0, 0.0147], [122545000.0, 0.022], [122541000.0, 0.0175], [122540000.0, 0.0074], [122539000.0, 0.0023], [122535000.0, 0.1263], [122533000.0, 0.0163], [122531000.0, 0.0381], [122527000.0, 0.0224], [122526000.0, 0.0044]], "asks": [[122552000.0, 0.0075], [122553000.0, 0.0013], [122554000.0, 0.0147], [122555000.0, 0.0025], [122556000.0, 0.0009], [122557000.0, 0.0034], [122559000.0, 0.0006], [122560000.0, 0.0012], [122561000.0, 0.0001], [122563000.0, 0.0034]]},
{"timestamp": "1743771633197", "bids": [[122558000.0, 1.694], [122547000.0, 0.0725], [122546000.0, 0.0147], [122545000.0, 0.022], [122541000.0, 0.0175], [122540000.0, 0.0074], [122539000.0, 0.0023], [122535000.0, 0.1263], [122533000.0, 0.0163], [122531000.0, 0.0381]], "asks": [[122559000.0, 0.0006], [122560000.0, 0.0012], [122561000.0, 0.0001], [122563000.0, 0.0034], [122564000.0, 0.0094], [122566000.0, 0.0097], [122567000.0, 0.0009], [122568000.0, 0.0018], [122569000.0, 0.0037], [122570000.0, 0.005]]},
{"timestamp": "1743771633696", "bids": [[122558000.0, 1.694], [122547000.0, 0.1334], [122546000.0, 0.0147], [122541000.0, 0.0175], [122540000.0, 0.0074], [122539000.0, 0.0023], [122535000.0, 0.1263], [122533000.0, 0.0163], [122531000.0, 0.0225], [122527000.0, 0.0224]], "asks": [[122564000.0, 0.0089], [122566000.0, 0.0097], [122567000.0, 0.0009], [122568000.0, 0.0018], [122569000.0, 0.0037], [122570000.0, 0.005], [122571000.0, 0.0012], [122572000.0, 0.0049], [122573000.0, 0.0041], [122574000.0, 0.0021]]},
{"timestamp": "1743771634201", "bids": [[122547000.0, 0.1334], [122546000.0, 0.0147], [122541000.0, 0.0175], [122539000.0, 0.0023], [122535000.0, 0.1263], [122533000.0, 0.0163], [122531000.0, 0.0225], [122508000.0, 0.0001], [122505000.0, 0.0239], [122504000.0, 0.0358]], "asks": [[122564000.0, 0.0089], [122566000.0, 0.0097], [122567000.0, 0.0009], [122568000.0, 0.0018], [122569000.0, 0.0037], [122570000.0, 0.005], [122571000.0, 0.0012], [122572000.0, 0.0049], [122573000.0, 0.0041], [122574000.0, 0.0021]]},
{"timestamp": "1743771634705", "bids": [[122558000.0, 0.0118], [122552000.0, 0.0008], [122547000.0, 0.0362], [122541000.0, 0.0175], [122535000.0, 0.1263], [122533000.0, 0.0163], [122531000.0, 0.0225], [122524000.0, 0.0244], [122521000.0, 0.44], [122519000.0, 0.0064]], "asks": [[122564000.0, 0.0089], [122566000.0, 0.0097], [122567000.0, 0.0009], [122568000.0, 0.0018], [122569000.0, 0.0037], [122570000.0, 0.005], [122571000.0, 0.0012], [122572000.0, 0.0049], [122573000.0, 0.0041], [122574000.0, 0.0021]]},
{"timestamp": "1743771635198", "bids": [[122564000.0, 0.0052], [122558000.0, 0.0118], [122552000.0, 0.004], [122549000.0, 0.022], [122548000.0, 0.012], [122543000.0, 0.0023], [122541000.0, 0.0175], [122536000.0, 0.0268], [122535000.0, 0.1263], [122531000.0, 0.0225]], "asks": [[122566000.0, 0.0097], [122567000.0, 0.0009], [122568000.0, 0.0018], [122569000.0, 0.0037], [122570000.0, 0.005], [122571000.0, 0.0012], [122572000.0, 0.0049], [122573000.0, 0.0041], [122574000.0, 0.0021], [122575000.0, 0.0]]},
{"timestamp": "1743771635698", "bids": [[122564000.0, 0.0052], [122558000.0, 0.0118], [122552000.0, 0.0008], [122548000.0, 0.0023], [122543000.0, 0.0023], [122541000.0, 0.0059], [122536000.0, 0.0268], [122535000.0, 0.1263], [122531000.0, 0.0225], [122521000.0, 0.44]], "asks": [[122566000.0, 0.0046], [122567000.0, 0.0009], [122568000.0, 0.0018], [122569000.0, 0.0037], [122570000.0, 0.005], [122571000.0, 0.0012], [122572000.0, 0.0049], [122573000.0, 0.0041], [122574000.0, 0.0021], [122575000.0, 0.0]]},
{"timestamp": "1743771636201", "bids": [[122564000.0, 0.0052], [122558000.0, 0.0118], [122552000.0, 0.0008], [122548000.0, 0.0023], [122543000.0, 0.0023], [122541000.0, 0.0059], [122535000.0, 0.1263], [122531000.0, 0.0225], [122521000.0, 0.44], [122516000.0, 0.0329]], "asks": [[122565000.0, 0.0334], [122566000.0, 0.0046], [122567000.0, 0.0009], [122568000.0, 0.0018], [122569000.0, 0.0037], [122570000.0, 0.005], [122571000.0, 0.0012], [122572000.0, 0.0049], [122573000.0, 0.0041], [122574000.0, 0.0021]]},
{"timestamp": "1743771636701", "bids": [[122564000.0, 0.0052], [122558000.0, 0.0118], [122552000.0, 0.0008], [122548000.0, 0.0023], [122541000.0, 0.0059], [122540000.0, 0.0074], [122535000.0, 0.1263], [122531000.0, 0.0225], [122528000.0, 0.022], [122521000.0, 0.44]], "asks": [[122565000.0, 0.0429], [122566000.0, 0.0046], [122567000.0, 0.0009], [122568000.0, 0.0018], [122569000.0, 0.0037], [122570000.0, 0.005], [122571000.0, 0.0012], [122572000.0, 0.0049], [122573000.0, 0.0041], [122574000.0, 0.0021]]},
{"timestamp": "1743771637204", "bids": [[122564000.0, 0.0052], [122552000.0, 0.0008], [122540000.0, 0.0074], [122535000.0, 0.1263], [122528000.0, 0.022], [122527000.0, 0.0285], [122526000.0, 0.0156], [122521000.0, 0.44], [122515000.0, 0.0048], [122511000.0, 0.0258]], "asks": [[122565000.0, 0.0232], [122566000.0, 0.0046], [122567000.0, 0.0009], [122568000.0, 0.0018], [122569000.0, 0.0037], [122570000.0, 0.005], [122571000.0, 0.0012], [122572000.0, 0.0049], [122573000.0, 0.0041], [122574000.0, 0.0021]]},
{"timestamp": "1743771637732", "bids": [[122564000.0, 0.0011], [122552000.0, 0.0008], [122540000.0, 0.0074], [122535000.0, 0.1263], [122528000.0, 0.022], [122527000.0, 0.0285], [122526000.0, 0.0156], [122521000.0, 0.44], [122515000.0, 0.0048], [122511000.0, 0.0258]], "asks": [[122565000.0, 0.0001], [122566000.0, 0.0046], [122567000.0, 0.0009], [122568000.0, 0.0018], [122569000.0, 0.0037], [122570000.0, 0.005], [122571000.0, 0.0012], [122572000.0, 0.0049], [122573000.0, 0.0041], [122574000.0, 0.0149]]},
{"timestamp": "1743771638204", "bids": [[122560000.0, 0.9453], [122552000.0, 0.0008], [122544000.0, 0.0225], [122527000.0, 0.0285], [122521000.0, 0.44], [122493000.0, 0.0225], [122491000.0, 0.0112], [122481000.0, 0.0], [122480000.0, 0.0023], [122477000.0, 0.0042]], "asks": [[122564000.0, 0.0532], [122565000.0, 0.0001], [122566000.0, 0.0046], [122567000.0, 0.0009], [122568000.0, 0.0018], [122569000.0, 0.0037], [122570000.0, 0.005], [122571000.0, 0.0012], [122572000.0, 0.0153], [122573000.0, 0.0041]]},
{"timestamp": "1743771638704", "bids": [[122560000.0, 0.928], [122552000.0, 0.0008], [122550000.0, 0.0048], [122527000.0, 0.0285], [122503000.0, 0.0006], [122493000.0, 0.0225], [122490000.0, 0.022], [122482000.0, 0.0003], [122481000.0, 0.0], [122477000.0, 0.0036]], "asks": [[122562000.0, 0.0039], [122563000.0, 0.0336], [122564000.0, 0.0759], [122565000.0, 0.0001], [122566000.0, 0.0046], [122567000.0, 0.0009], [122568000.0, 0.0018], [122569000.0, 0.0037], [122570000.0, 0.005], [122571000.0, 0.0012]]},
{"timestamp": "1743771639199", "bids": [[122560000.0, 0.928], [122552000.0, 0.0008], [122550000.0, 0.0048], [122527000.0, 0.0285], [122503000.0, 0.0006], [122493000.0, 0.0299], [122490000.0, 0.022], [122481000.0, 0.0], [122480000.0, 0.0157], [122477000.0, 0.0036]], "asks": [[122562000.0, 0.0038], [122563000.0, 0.0504], [122564000.0, 0.0759], [122566000.0, 0.0046], [122567000.0, 0.0009], [122568000.0, 0.0018], [122569000.0, 0.0037], [122570000.0, 0.005], [122571000.0, 0.0012], [122572000.0, 0.0049]]},
{"timestamp": "1743771639708", "bids": [[122560000.0, 0.928], [122552000.0, 0.0008], [122530000.0, 0.0225], [122527000.0, 0.0285], [122503000.0, 0.0006], [122493000.0, 0.0299], [122486000.0, 0.0023], [122482000.0, 0.01], [122481000.0, 0.0], [122480000.0, 0.0269]], "asks": [[122563000.0, 0.0007], [122564000.0, 0.0532], [122566000.0, 0.0046], [122567000.0, 0.0009], [122568000.0, 0.0018], [122569000.0, 0.0037], [122570000.0, 0.005], [122571000.0, 0.0012], [122572000.0, 0.0049], [122573000.0, 0.0041]]},
{"timestamp": "1743771640207", "bids": [[122560000.0, 0.928], [122552000.0, 0.0008], [122540000.0, 0.0056], [122530000.0, 0.0225], [122527000.0, 0.0285], [122512000.0, 0.44], [122504000.0, 0.0173], [122503000.0, 0.0006], [122500000.0, 0.0241], [122493000.0, 0.0225]], "asks": [[122564000.0, 0.0485], [122566000.0, 0.0046], [122567000.0, 0.0009], [122568000.0, 0.0018], [122569000.0, 0.0037], [122570000.0, 0.005], [122571000.0, 0.0012], [122572000.0, 0.0049], [122573000.0, 0.0041], [122574000.0, 0.0021]]},
{"timestamp": "1743771640704", "bids": [[122560000.0, 0.9279], [122553000.0, 0.0361], [122552000.0, 0.0008], [122540000.0, 0.0056], [122539000.0, 0.0102], [122530000.0, 0.0225], [122527000.0, 0.0285], [122512000.0, 0.44], [122507000.0, 0.0074], [122504000.0, 0.0553]], "asks": [[122564000.0, 0.0485], [122566000.0, 0.0046], [122567000.0, 0.0009], [122568000.0, 0.0018], [122569000.0, 0.0037], [122570000.0, 0.005], [122571000.0, 0.0012], [122572000.0, 0.0049], [122573000.0, 0.0041], [122574000.0, 0.0021]]},
{"timestamp": "1743771641225", "bids": [[122560000.0, 0.9279], [122552000.0, 0.0008], [122540000.0, 0.0056], [122539000.0, 0.0102], [122530000.0, 0.0225], [122527000.0, 0.0285], [122512000.0, 0.44], [122507000.0, 0.0074], [122504000.0, 0.0553], [122500000.0, 0.0241]], "asks": [[122564000.0, 0.0485], [122566000.0, 0.0046], [122567000.0, 0.0009], [122568000.0, 0.0018], [122569000.0, 0.0037], [122570000.0, 0.005], [122571000.0, 0.0012], [122572000.0, 0.0049], [122573000.0, 0.0041], [122574000.0, 0.0021]]},
{"timestamp": "1743771641706", "bids": [[122564000.0, 0.0777], [122560000.0, 0.9279], [122553000.0, 0.0361], [122552000.0, 0.0008], [122540000.0, 0.0056], [122539000.0, 0.0102], [122530000.0, 0.0225], [122527000.0, 0.0285], [122512000.0, 0.44], [122507000.0, 0.0074]], "asks": [[122566000.0, 0.0046], [122567000.0, 0.0009], [122568000.0, 0.0018], [122569000.0, 0.0037], [122570000.0, 0.005], [122571000.0, 0.0012], [122572000.0, 0.0049], [122573000.0, 0.0041], [122574000.0, 0.0021], [122575000.0, 0.0]]},
{"timestamp": "1743771642207", "bids": [[122565000.0, 0.0035], [122564000.0, 0.0777], [122560000.0, 0.9279], [122553000.0, 0.0361], [122552000.0, 0.0008], [122540000.0, 0.0056], [122539000.0, 0.0102], [122530000.0, 0.0225], [122527000.0, 0.0285], [122512000.0, 0.44]], "asks": [[122566000.0, 0.0046], [122567000.0, 0.0009], [122568000.0, 0.0018], [122569000.0, 0.0037], [122570000.0, 0.005], [122571000.0, 0.0012], [122572000.0, 0.0049], [122573000.0, 0.0041], [122574000.0, 0.0021], [122575000.0, 0.0]]},
{"timestamp": "1743771642700", "bids": [[122565000.0, 0.1506], [122564000.0, 0.0777], [122560000.0, 0.9279], [122553000.0, 0.0361], [122552000.0, 0.0008], [122540000.0, 0.0056], [122539000.0, 0.0102], [122530000.0, 0.0225], [122527000.0, 0.0285], [122518000.0, 0.0173]], "asks": [[122569000.0, 0.0002], [122570000.0, 0.005], [122571000.0, 0.0012], [122572000.0, 0.0049], [122573000.0, 0.0041], [122574000.0, 0.0021], [122575000.0, 0.0], [122576000.0, 0.0044], [122578000.0, 0.0018], [122579000.0, 0.0001]]},
{"timestamp": "1743771643206", "bids": [[122565000.0, 0.1305], [122564000.0, 0.0777], [122560000.0, 0.9279], [122553000.0, 0.0361], [122552000.0, 0.0008], [122540000.0, 0.0056], [122539000.0, 0.0102], [122530000.0, 0.0225], [122527000.0, 0.0285], [122518000.0, 0.0173]], "asks": [[122569000.0, 0.0002], [122570000.0, 0.005], [122571000.0, 0.0012], [122572000.0, 0.0049], [122573000.0, 0.0041], [122574000.0, 0.0021], [122575000.0, 0.0], [122576000.0, 0.0044], [122578000.0, 0.0018], [122579000.0, 0.0001]]},
{"timestamp": "1743771643703", "bids": [[122564000.0, 0.0777], [122560000.0, 0.9279], [122552000.0, 0.0008], [122540000.0, 0.0056], [122539000.0, 0.0102], [122530000.0, 0.0225], [122527000.0, 0.0285], [122518000.0, 0.0173], [122515000.0, 0.0074], [122513000.0, 0.016]], "asks": [[122568000.0, 0.0119], [122604000.0, 0.0011], [122605000.0, 0.0001], [122606000.0, 0.0013], [122607000.0, 0.0343], [122608000.0, 0.0542], [122609000.0, 0.0008], [122610000.0, 0.0336], [122611000.0, 0.0], [122612000.0, 0.0338]]},
{"timestamp": "1743771644214", "bids": [[122564000.0, 0.5777], [122560000.0, 0.9279], [122552000.0, 0.0008], [122527000.0, 0.0285], [122515000.0, 0.0074], [122511000.0, 0.0023], [122509000.0, 0.0241], [122493000.0, 0.0225], [122483000.0, 0.0264], [122482000.0, 0.01]], "asks": [[122568000.0, 0.0318], [122600000.0, 0.0166], [122604000.0, 0.0011], [122605000.0, 0.0001], [122606000.0, 0.0013], [122607000.0, 0.0343], [122608000.0, 0.0398], [122609000.0, 0.0008], [122610000.0, 0.0157], [122611000.0, 0.0]]},
{"timestamp": "1743771644701", "bids": [[122564000.0, 0.5777], [122560000.0, 0.9279], [122552000.0, 0.0008], [122527000.0, 0.0285], [122493000.0, 0.0225], [122483000.0, 0.0264], [122482000.0, 0.01], [122481000.0, 0.0], [122477000.0, 0.0036], [122476000.0, 0.0249]], "asks": [[122568000.0, 0.0318], [122585000.0, 0.0128], [122600000.0, 0.0166], [122604000.0, 0.0011], [122605000.0, 0.0178], [122606000.0, 0.0166], [122607000.0, 0.0013], [122608000.0, 0.0326], [122609000.0, 0.0008], [122610000.0, 0.0157]]},
{"timestamp": "1743771645204", "bids": [[122576000.0, 1.608], [122565000.0, 0.0008], [122564000.0, 0.5777], [122560000.0, 0.9279], [122552000.0, 0.0008], [122530000.0, 0.0225], [122527000.0, 0.0285], [122524000.0, 0.0119], [122510000.0, 0.0007], [122500000.0, 0.0182]], "asks": [[122577000.0, 0.0255], [122579000.0, 0.0397], [122585000.0, 0.0131], [122592000.0, 0.0222], [122594000.0, 0.0321], [122595000.0, 0.0193], [122597000.0, 0.0835], [122600000.0, 0.0166], [122604000.0, 0.0011], [122605000.0, 0.036]]},
{"timestamp": "1743771645702", "bids": [[122576000.0, 1.5844], [122565000.0, 0.1533], [122564000.0, 0.5777], [122560000.0, 0.9279], [122552000.0, 0.0008], [122530000.0, 0.0225], [122527000.0, 0.0285], [122524000.0, 0.0119], [122518000.0, 0.0116], [122510000.0, 0.0007]], "asks": [[122577000.0, 0.0255], [122579000.0, 0.0397], [122585000.0, 0.0147], [122592000.0, 0.0222], [122594000.0, 0.0481], [122595000.0, 0.0432], [122597000.0, 0.1044], [122598000.0, 0.0253], [122599000.0, 0.0168], [122601000.0, 0.0433]]},
{"timestamp": "1743771646202", "bids": [[122576000.0, 1.5844], [122565000.0, 0.1533], [122564000.0, 0.5777], [122560000.0, 0.9279], [122552000.0, 0.0008], [122530000.0, 0.0225], [122527000.0, 0.0285], [122524000.0, 0.0119], [122518000.0, 0.0116], [122510000.0, 0.0007]], "asks": [[122577000.0, 0.0111], [122579000.0, 0.0271], [122585000.0, 0.0147], [122592000.0, 0.0222], [122594000.0, 0.0481], [122595000.0, 0.0432], [122597000.0, 0.1044], [122598000.0, 0.0253], [122599000.0, 0.0168], [122601000.0, 0.0763]]},
{"timestamp": "1743771646702", "bids": [[122565000.0, 0.0215], [122564000.0, 0.5777], [122562000.0, 0.0102], [122560000.0, 0.9279], [122552000.0, 0.0008], [122530000.0, 0.0225], [122529000.0, 0.0235], [122528000.0, 0.0178], [122527000.0, 0.0285], [122524000.0, 0.0119]], "asks": [[122577000.0, 0.0035], [122594000.0, 0.016], [122599000.0, 0.0168], [122601000.0, 0.0578], [122603000.0, 0.0324], [122604000.0, 0.0011], [122605000.0, 0.0001], [122606000.0, 0.0013], [122607000.0, 0.0179], [122608000.0, 0.0327]]},
{"timestamp": "1743771647204", "bids": [[122565000.0, 0.0008], [122564000.0, 0.5777], [122560000.0, 0.9279], [122552000.0, 0.0008], [122530000.0, 0.0225], [122529000.0, 0.0235], [122528000.0, 0.0178], [122527000.0, 0.0285], [122524000.0, 0.0119], [122518000.0, 0.0093]], "asks": [[122594000.0, 0.019], [122599000.0, 0.0168], [122600000.0, 0.0128], [122601000.0, 0.0578], [122603000.0, 0.045], [122604000.0, 0.0011], [122605000.0, 0.0001], [122606000.0, 0.0016], [122607000.0, 0.0013], [122608000.0, 0.0598]]},
{"timestamp": "1743771647705", "bids": [[122577000.0, 0.0016], [122565000.0, 0.0008], [122564000.0, 0.5777], [122560000.0, 0.9279], [122552000.0, 0.0008], [122530000.0, 0.0225], [122529000.0, 0.0235], [122528000.0, 0.0178], [122527000.0, 0.0285], [122524000.0, 0.0119]], "asks": [[122594000.0, 0.0189], [122599000.0, 0.0168], [122601000.0, 0.033], [122602000.0, 0.0144], [122603000.0, 0.0284], [122604000.0, 0.0011], [122605000.0, 0.0001], [122606000.0, 0.0016], [122607000.0, 0.0013], [122608000.0, 0.0421]]},
{"timestamp": "1743771648209", "bids": [[122578000.0, 0.0871], [122577000.0, 0.0016], [122567000.0, 0.0225], [122565000.0, 0.0008], [122564000.0, 0.5777], [122560000.0, 0.9279], [122552000.0, 0.0008], [122534000.0, 0.0143], [122530000.0, 0.0225], [122527000.0, 0.0285]], "asks": [[122594000.0, 0.003], [122604000.0, 0.0011], [122605000.0, 0.0001], [122606000.0, 0.0016], [122607000.0, 0.0013], [122608000.0, 0.015], [122609000.0, 0.023], [122610000.0, 0.0157], [122611000.0, 0.0], [122612000.0, 0.0421]]},
{"timestamp": "1743771648703", "bids": [[122599000.0, 1.5678], [122594000.0, 0.0159], [122578000.0, 0.1695], [122577000.0, 0.0016], [122567000.0, 0.0225], [122565000.0, 0.0008], [122564000.0, 0.5777], [122560000.0, 0.9279], [122552000.0, 0.0008], [122534000.0, 0.0143]], "asks": [[122602000.0, 0.0359], [122603000.0, 0.0324], [122604000.0, 0.0011], [122605000.0, 0.0177], [122606000.0, 0.0013], [122607000.0, 0.0013], [122608000.0, 0.0262], [122609000.0, 0.0552], [122610000.0, 0.0157], [122611000.0, 0.0]]},
{"timestamp": "1743771649201", "bids": [[122599000.0, 1.5485], [122594000.0, 0.0159], [122578000.0, 0.0352], [122577000.0, 0.0016], [122567000.0, 0.0225], [122565000.0, 0.0008], [122564000.0, 0.5777], [122562000.0, 0.0235], [122561000.0, 0.0178], [122560000.0, 0.9279]], "asks": [[122602000.0, 0.0002], [122603000.0, 0.0324], [122604000.0, 0.0182], [122605000.0, 0.0177], [122606000.0, 0.0013], [122607000.0, 0.0013], [122608000.0, 0.0262], [122609000.0, 0.0676], [122610000.0, 0.0157], [122611000.0, 0.0]]},
{"timestamp": "1743771649701", "bids": [[122578000.0, 0.0054], [122577000.0, 0.0016], [122567000.0, 0.0225], [122565000.0, 0.0008], [122564000.0, 0.5777], [122562000.0, 0.0235], [122561000.0, 0.0178], [122560000.0, 0.9279], [122553000.0, 0.022], [122552000.0, 0.0156]], "asks": [[122603000.0, 0.0162], [122604000.0, 0.0182], [122605000.0, 0.0177], [122606000.0, 0.0013], [122607000.0, 0.0013], [122608000.0, 0.015], [122609000.0, 0.0454], [122610000.0, 0.0157], [122611000.0, 0.0], [122612000.0, 0.0168]]},
{"timestamp": "1743771650202", "bids": [[122600000.0, 0.0012], [122582000.0, 0.0015], [122577000.0, 0.0016], [122567000.0, 0.0225], [122565000.0, 0.0008], [122564000.0, 0.5777], [122562000.0, 0.0235], [122561000.0, 0.0178], [122560000.0, 0.9279], [122552000.0, 0.0008]], "asks": [[122603000.0, 0.0162], [122604000.0, 0.0182], [122605000.0, 0.0001], [122606000.0, 0.0013], [122607000.0, 0.0013], [122608000.0, 0.015], [122609000.0, 0.0454], [122610000.0, 0.0157], [122611000.0, 0.0], [122612000.0, 0.0168]]},
{"timestamp": "1743771650707", "bids": [[122600000.0, 0.0012], [122582000.0, 0.0015], [122577000.0, 0.0016], [122565000.0, 0.0008], [122564000.0, 0.5777], [122562000.0, 0.0235], [122561000.0, 0.0178], [122560000.0, 0.9279], [122553000.0, 0.0091], [122552000.0, 0.0008]], "asks": [[122603000.0, 0.0162], [122604000.0, 0.0182], [122605000.0, 0.0001], [122606000.0, 0.0013], [122607000.0, 0.0013], [122608000.0, 0.015], [122609000.0, 0.0454], [122610000.0, 0.0157], [122611000.0, 0.0], [122612000.0, 0.0168]]},
{"timestamp": "1743771651204", "bids": [[122565000.0, 0.0151], [122564000.0, 0.5777], [122560000.0, 0.9279], [122558000.0, 0.0182], [122553000.0, 0.0091], [122552000.0, 0.0008], [122542000.0, 0.0173], [122538000.0, 0.0241], [122530000.0, 0.0225], [122527000.0, 0.0285]], "asks": [[122602000.0, 0.0115], [122604000.0, 0.0011], [122605000.0, 0.0001], [122606000.0, 0.0013], [122607000.0, 0.0013], [122608000.0, 0.015], [122609000.0, 0.0008], [122610000.0, 0.0157], [122611000.0, 0.0], [122612000.0, 0.0168]]},
{"timestamp": "1743771651700", "bids": [[122565000.0, 0.0151], [122564000.0, 0.5777], [122560000.0, 0.9279], [122557000.0, 0.0182], [122552000.0, 0.0008], [122550000.0, 0.0182], [122542000.0, 0.0173], [122538000.0, 0.0241], [122532000.0, 0.0009], [122530000.0, 0.0225]], "asks": [[122602000.0, 0.0115], [122604000.0, 0.0011], [122605000.0, 0.0129], [122606000.0, 0.0013], [122607000.0, 0.0157], [122608000.0, 0.015], [122609000.0, 0.0008], [122610000.0, 0.0157], [122611000.0, 0.0], [122612000.0, 0.0168]]},
{"timestamp": "1743771652205", "bids": [[122565000.0, 0.0151], [122564000.0, 0.5777], [122560000.0, 0.9279], [122557000.0, 0.0182], [122552000.0, 0.0008], [122550000.0, 0.0182], [122542000.0, 0.0173], [122538000.0, 0.0241], [122532000.0, 0.0009], [122530000.0, 0.0225]], "asks": [[122604000.0, 0.0011], [122605000.0, 0.0129], [122606000.0, 0.0139], [122607000.0, 0.0157], [122608000.0, 0.032], [122609000.0, 0.0008], [122610000.0, 0.0328], [122611000.0, 0.0], [122612000.0, 0.0168], [122613000.0, 0.0008]]},
{"timestamp": "1743771652706", "bids": [[122565000.0, 0.0008], [122564000.0, 0.5777], [122552000.0, 0.0008], [122533000.0, 0.0129], [122530000.0, 0.0225], [122527000.0, 0.0285], [122521000.0, 0.0235], [122520000.0, 0.0177], [122517000.0, 0.0178], [122516000.0, 0.4566]], "asks": [[122601000.0, 0.0], [122604000.0, 0.0011], [122605000.0, 0.0001], [122606000.0, 0.0139], [122607000.0, 0.0013], [122608000.0, 0.0728], [122609000.0, 0.0008], [122610000.0, 0.0328], [122611000.0, 0.0], [122612000.0, 0.0334]]},
{"timestamp": "1743771653206", "bids": [[122565000.0, 0.0008], [122564000.0, 0.5777], [122552000.0, 0.0008], [122533000.0, 0.0129], [122530000.0, 0.0225], [122527000.0, 0.0285], [122520000.0, 0.0177], [122517000.0, 0.0178], [122516000.0, 0.0166], [122512000.0, 0.0074]], "asks": [[122596000.0, 0.0144], [122600000.0, 0.0032], [122602000.0, 0.0271], [122604000.0, 0.0011], [122605000.0, 0.0001], [122606000.0, 0.0175], [122607000.0, 0.0013], [122608000.0, 0.0728], [122609000.0, 0.0008], [122610000.0, 0.0157]]},
{"timestamp": "1743771653704", "bids": [[122565000.0, 0.0008], [122564000.0, 0.5777], [122555000.0, 0.0002], [122552000.0, 0.0008], [122530000.0, 0.0225], [122527000.0, 0.0285], [122520000.0, 0.0177], [122518000.0, 0.0182], [122517000.0, 0.0178], [122516000.0, 0.0166]], "asks": [[122594000.0, 0.0128], [122596000.0, 0.0144], [122600000.0, 0.0185], [122602000.0, 0.0447], [122604000.0, 0.0011], [122605000.0, 0.0001], [122606000.0, 0.0175], [122607000.0, 0.0013], [122608000.0, 0.0728], [122609000.0, 0.0008]]},
{"timestamp": "1743771654199", "bids": [[122565000.0, 0.0008], [122564000.0, 0.5777], [122555000.0, 0.0002], [122552000.0, 0.0008], [122530000.0, 0.0225], [122529000.0, 0.0185], [122527000.0, 0.0285], [122520000.0, 0.0177], [122518000.0, 0.0182], [122517000.0, 0.0178]], "asks": [[122594000.0, 0.0128], [122596000.0, 0.0144], [122597000.0, 0.0126], [122600000.0, 0.0156], [122602000.0, 0.0447], [122604000.0, 0.0011], [122605000.0, 0.0001], [122606000.0, 0.0175], [122607000.0, 0.0013], [122608000.0, 0.0728]]},
{"timestamp": "1743771654708", "bids": [[122565000.0, 0.0008], [122564000.0, 0.5777], [122555000.0, 0.0002], [122552000.0, 0.0008], [122530000.0, 0.0225], [122529000.0, 0.0185], [122527000.0, 0.0285], [122520000.0, 0.0177], [122518000.0, 0.0182], [122517000.0, 0.0178]], "asks": [[122594000.0, 0.0128], [122596000.0, 0.0144], [122597000.0, 0.0126], [122600000.0, 0.0156], [122602000.0, 0.0447], [122604000.0, 0.0011], [122605000.0, 0.0001], [122606000.0, 0.0175], [122607000.0, 0.0013], [122608000.0, 0.0728]]},
{"timestamp": "1743771655208", "bids": [[122565000.0, 0.0008], [122564000.0, 0.5777], [122555000.0, 0.0002], [122552000.0, 0.0008], [122530000.0, 0.0225], [122529000.0, 0.0185], [122527000.0, 0.0285], [122517000.0, 0.0178], [122512000.0, 0.0074], [122500000.0, 0.0223]], "asks": [[122594000.0, 0.0128], [122596000.0, 0.0144], [122597000.0, 0.0126], [122600000.0, 0.0003], [122602000.0, 0.0271], [122604000.0, 0.0011], [122605000.0, 0.0001], [122606000.0, 0.0175], [122607000.0, 0.0013], [122608000.0, 0.015]]},
{"timestamp": "1743771655706", "bids": [[122565000.0, 0.0008], [122564000.0, 0.5777], [122555000.0, 0.0002], [122552000.0, 0.0008], [122529000.0, 0.0185], [122528000.0, 0.0143], [122527000.0, 0.0285], [122520000.0, 0.0182], [122509000.0, 0.0235], [122506000.0, 0.0173]], "asks": [[122593000.0, 0.0079], [122597000.0, 0.0167], [122598000.0, 0.0171], [122602000.0, 0.0112], [122603000.0, 0.0544], [122604000.0, 0.0011], [122605000.0, 0.0855], [122606000.0, 0.0763], [122607000.0, 0.0252], [122608000.0, 0.015]]},
{"timestamp": "1743771656206", "bids": [[122564000.0, 0.4808], [122555000.0, 0.0002], [122552000.0, 0.0008], [122551000.0, 0.0244], [122528000.0, 0.0143], [122527000.0, 0.0285], [122520000.0, 0.0182], [122509000.0, 0.0235], [122506000.0, 0.0173], [122501000.0, 0.0408]], "asks": [[122565000.0, 0.0158], [122567000.0, 0.0327], [122568000.0, 0.0209], [122570000.0, 0.0397], [122593000.0, 0.0046], [122597000.0, 0.0167], [122598000.0, 0.0171], [122599000.0, 0.0854], [122602000.0, 0.0112], [122603000.0, 0.0544]]},
{"timestamp": "1743771656701", "bids": [[122564000.0, 0.4498], [122555000.0, 0.0002], [122552000.0, 0.0008], [122551000.0, 0.0244], [122528000.0, 0.0143], [122527000.0, 0.0285], [122520000.0, 0.0182], [122509000.0, 0.0235], [122506000.0, 0.0173], [122501000.0, 0.0408]], "asks": [[122565000.0, 0.0158], [122567000.0, 0.0327], [122568000.0, 0.0394], [122570000.0, 0.0397], [122579000.0, 0.0251], [122597000.0, 0.0167], [122598000.0, 0.0171], [122602000.0, 0.0112], [122603000.0, 0.0544], [122604000.0, 0.0011]]},
{"timestamp": "1743771657209", "bids": [[122564000.0, 0.437], [122555000.0, 0.0002], [122552000.0, 0.0008], [122551000.0, 0.0244], [122540000.0, 0.0001], [122528000.0, 0.0143], [122527000.0, 0.0285], [122520000.0, 0.0183], [122509000.0, 0.0235], [122506000.0, 0.0173]], "asks": [[122565000.0, 0.0158], [122567000.0, 0.0327], [122568000.0, 0.0394], [122570000.0, 0.0397], [122579000.0, 0.0251], [122597000.0, 0.0167], [122598000.0, 0.0171], [122602000.0, 0.0112], [122603000.0, 0.0544], [122604000.0, 0.0011]]},
{"timestamp": "1743771657707", "bids": [[122564000.0, 0.437], [122555000.0, 0.0002], [122552000.0, 0.0008], [122551000.0, 0.0244], [122540000.0, 0.0001], [122528000.0, 0.0143], [122527000.0, 0.0285], [122520000.0, 0.0183], [122509000.0, 0.0235], [122506000.0, 0.0173]], "asks": [[122565000.0, 0.0157], [122567000.0, 0.0327], [122568000.0, 0.0394], [122570000.0, 0.0397], [122579000.0, 0.0251], [122597000.0, 0.0167], [122598000.0, 0.0171], [122602000.0, 0.0112], [122603000.0, 0.0544], [122604000.0, 0.0011]]},
{"timestamp": "1743771658206", "bids": [[122564000.0, 0.437], [122555000.0, 0.0002], [122552000.0, 0.0008], [122551000.0, 0.0244], [122540000.0, 0.0001], [122528000.0, 0.0143], [122527000.0, 0.0285], [122520000.0, 0.0183], [122509000.0, 0.0235], [122506000.0, 0.0173]], "asks": [[122565000.0, 0.0157], [122567000.0, 0.0327], [122568000.0, 0.0394], [122570000.0, 0.0397], [122579000.0, 0.0251], [122597000.0, 0.0167], [122598000.0, 0.0171], [122602000.0, 0.0112], [122603000.0, 0.0544], [122604000.0, 0.0011]]},
{"timestamp": "1743771658706", "bids": [[122564000.0, 0.437], [122555000.0, 0.0002], [122552000.0, 0.0008], [122551000.0, 0.0244], [122540000.0, 0.0001], [122528000.0, 0.0143], [122527000.0, 0.0285], [122520000.0, 0.0183], [122509000.0, 0.0235], [122506000.0, 0.0173]], "asks": [[122565000.0, 0.0157], [122567000.0, 0.0327], [122568000.0, 0.0209], [122570000.0, 0.0397], [122579000.0, 0.0251], [122597000.0, 0.0167], [122598000.0, 0.0171], [122602000.0, 0.0112], [122603000.0, 0.0544], [122604000.0, 0.0011]]},
{"timestamp": "1743771659209", "bids": [[122564000.0, 0.437], [122555000.0, 0.0002], [122552000.0, 0.0008], [122551000.0, 0.0244], [122540000.0, 0.0001], [122528000.0, 0.0143], [122527000.0, 0.0285], [122520000.0, 0.0001], [122506000.0, 0.0173], [122500000.0, 0.0239]], "asks": [[122567000.0, 0.0327], [122569000.0, 0.0213], [122570000.0, 0.0233], [122583000.0, 0.017], [122584000.0, 0.0186], [122602000.0, 0.0112], [122604000.0, 0.0011], [122605000.0, 0.0001], [122606000.0, 0.0013], [122607000.0, 0.0013]]},
{"timestamp": "1743771659705", "bids": [[122565000.0, 0.0111], [122564000.0, 0.3755], [122555000.0, 0.0002], [122552000.0, 0.0008], [122551000.0, 0.0244], [122540000.0, 0.0001], [122539000.0, 0.0036], [122528000.0, 0.0143], [122527000.0, 0.0285], [122520000.0, 0.0001]], "asks": [[122566000.0, 0.0271], [122567000.0, 0.0327], [122570000.0, 0.0233], [122573000.0, 0.023], [122577000.0, 0.0251], [122584000.0, 0.0186], [122601000.0, 0.0859], [122604000.0, 0.0011], [122605000.0, 0.0001], [122606000.0, 0.0013]]},
{"timestamp": "1743771660219", "bids": [[122564000.0, 0.1887], [122555000.0, 0.0002], [122552000.0, 0.0008], [122551000.0, 0.0244], [122540000.0, 0.0001], [122539000.0, 0.0036], [122527000.0, 0.0285], [122520000.0, 0.0001], [122508000.0, 0.0036], [122500000.0, 0.0239]], "asks": [[122565000.0, 0.0238], [122566000.0, 0.0603], [122567000.0, 0.0158], [122573000.0, 0.023], [122577000.0, 0.0251], [122581000.0, 0.0322], [122582000.0, 0.0644], [122601000.0, 0.0859], [122604000.0, 0.0011], [122605000.0, 0.0001]]},
{"timestamp": "1743771660706", "bids": [[122564000.0, 0.156], [122555000.0, 0.0002], [122552000.0, 0.0008], [122551000.0, 0.0244], [122540000.0, 0.0001], [122539000.0, 0.0036], [122530000.0, 0.0225], [122527000.0, 0.0285], [122520000.0, 0.0001], [122508000.0, 0.0036]], "asks": [[122565000.0, 0.0209], [122566000.0, 0.0175], [122567000.0, 0.0158], [122570000.0, 0.0213], [122573000.0, 0.023], [122581000.0, 0.0322], [122582000.0, 0.0644], [122583000.0, 0.017], [122584000.0, 0.0186], [122604000.0, 0.0011]]},
{"timestamp": "1743771661205", "bids": [[122564000.0, 0.1448], [122555000.0, 0.0002], [122552000.0, 0.0008], [122551000.0, 0.0244], [122540000.0, 0.0001], [122539000.0, 0.0036], [122530000.0, 0.0225], [122527000.0, 0.0285], [122520000.0, 0.0001], [122518000.0, 0.0]], "asks": [[122565000.0, 0.0], [122566000.0, 0.0175], [122567000.0, 0.0327], [122570000.0, 0.0213], [122581000.0, 0.0322], [122582000.0, 0.0556], [122583000.0, 0.017], [122584000.0, 0.0186], [122604000.0, 0.0011], [122605000.0, 0.0001]]},
{"timestamp": "1743771661707", "bids": [[122610000.0, 0.6918], [122564000.0, 0.1448], [122555000.0, 0.0002], [122552000.0, 0.0008], [122551000.0, 0.0244], [122540000.0, 0.0001], [122539000.0, 0.0036], [122530000.0, 0.0225], [122527000.0, 0.0285], [122520000.0, 0.0001]], "asks": [[122611000.0, 0.0], [122612000.0, 0.0168], [122613000.0, 0.0008], [122614000.0, 0.0009], [122615000.0, 0.0003], [122616000.0, 0.0005], [122617000.0, 0.0017], [122618000.0, 0.0026], [122619000.0, 0.0013], [122620000.0, 0.0032]]},
{"timestamp": "1743771662209", "bids": [[122610000.0, 0.6262], [122564000.0, 0.1448], [122555000.0, 0.0002], [122552000.0, 0.0008], [122551000.0, 0.0412], [122540000.0, 0.0001], [122539000.0, 0.0036], [122530000.0, 0.0225], [122527000.0, 0.0285], [122520000.0, 0.0001]], "asks": [[122611000.0, 0.0], [122612000.0, 0.0168], [122613000.0, 0.0008], [122614000.0, 0.0009], [122615000.0, 0.0003], [122616000.0, 0.0005], [122617000.0, 0.0017], [122618000.0, 0.0026], [122619000.0, 0.0013], [122620000.0, 0.0032]]},
{"timestamp": "1743771662710", "bids": [[122610000.0, 0.7718], [122564000.0, 0.1448], [122555000.0, 0.0002], [122552000.0, 0.0008], [122551000.0, 0.0244], [122540000.0, 0.0001], [122539000.0, 0.0036], [122530000.0, 0.0225], [122527000.0, 0.0285], [122520000.0, 0.0001]], "asks": [[122611000.0, 0.0079], [122612000.0, 0.0168], [122613000.0, 0.0008], [122614000.0, 0.0009], [122615000.0, 0.0003], [122616000.0, 0.0005], [122617000.0, 0.0017], [122618000.0, 0.0026], [122619000.0, 0.0013], [122620000.0, 0.0032]]},
{"timestamp": "1743771663203", "bids": [[122610000.0, 0.619], [122564000.0, 0.1448], [122555000.0, 0.0002], [122552000.0, 0.0008], [122551000.0, 0.0244], [122540000.0, 0.0001], [122539000.0, 0.0036], [122530000.0, 0.0225], [122527000.0, 0.0285], [122520000.0, 0.0001]], "asks": [[122611000.0, 0.0079], [122612000.0, 0.0168], [122613000.0, 0.0008], [122614000.0, 0.0009], [122615000.0, 0.0003], [122616000.0, 0.0005], [122617000.0, 0.0017], [122618000.0, 0.0026], [122619000.0, 0.0013], [122620000.0, 0.0032]]},
{"timestamp": "1743771663708", "bids": [[122610000.0, 0.6376], [122564000.0, 0.1448], [122555000.0, 0.017], [122552000.0, 0.0008], [122551000.0, 0.0244], [122540000.0, 0.0001], [122539000.0, 0.0036], [122530000.0, 0.0225], [122527000.0, 0.0285], [122520000.0, 0.0001]], "asks": [[122611000.0, 0.0], [122612000.0, 0.0168], [122613000.0, 0.0008], [122614000.0, 0.0009], [122615000.0, 0.0003], [122616000.0, 0.0005], [122617000.0, 0.0017], [122618000.0, 0.0026], [122619000.0, 0.0013], [122620000.0, 0.0032]]},
{"timestamp": "1743771664220", "bids": [[122610000.0, 0.6376], [122564000.0, 0.1448], [122555000.0, 0.017], [122552000.0, 0.0008], [122551000.0, 0.0244], [122540000.0, 0.0001], [122539000.0, 0.0036], [122530000.0, 0.0225], [122520000.0, 0.0001], [122518000.0, 0.0]], "asks": [[122611000.0, 0.0], [122612000.0, 0.0168], [122613000.0, 0.0008], [122614000.0, 0.0009], [122615000.0, 0.0003], [122616000.0, 0.0005], [122617000.0, 0.0017], [122618000.0, 0.0026], [122619000.0, 0.0013], [122620000.0, 0.0032]]},
{"timestamp": "1743771664713", "bids": [[122610000.0, 0.5418], [122564000.0, 0.1448], [122555000.0, 0.017], [122552000.0, 0.0008], [122551000.0, 0.0244], [122540000.0, 0.0001], [122539000.0, 0.0036], [122530000.0, 0.0225], [122520000.0, 0.0001], [122519000.0, 0.0111]], "asks": [[122611000.0, 0.0], [122612000.0, 0.0168], [122613000.0, 0.0008], [122614000.0, 0.0009], [122615000.0, 0.0003], [122616000.0, 0.0005], [122617000.0, 0.0339], [122618000.0, 0.067], [122619000.0, 0.0013], [122620000.0, 0.0032]]},
{"timestamp": "1743771665217", "bids": [[122610000.0, 0.5376], [122564000.0, 0.1448], [122555000.0, 0.017], [122552000.0, 0.0008], [122551000.0, 0.0244], [122540000.0, 0.0001], [122539000.0, 0.0036], [122530000.0, 0.0225], [122520000.0, 0.0001], [122519000.0, 0.0111]], "asks": [[122611000.0, 0.0079], [122612000.0, 0.0168], [122613000.0, 0.0008], [122614000.0, 0.0009], [122615000.0, 0.0003], [122616000.0, 0.0005], [122617000.0, 0.0339], [122618000.0, 0.067], [122619000.0, 0.0013], [122620000.0, 0.0032]]},
{"timestamp": "1743771665712", "bids": [[122610000.0, 0.5376], [122564000.0, 0.1448], [122555000.0, 0.0002], [122552000.0, 0.0008], [122551000.0, 0.0244], [122540000.0, 0.0001], [122539000.0, 0.0036], [122520000.0, 0.0001], [122518000.0, 0.0], [122513000.0, 0.0143]], "asks": [[122611000.0, 0.0079], [122612000.0, 0.0168], [122613000.0, 0.0008], [122614000.0, 0.0009], [122615000.0, 0.0003], [122616000.0, 0.0005], [122617000.0, 0.0017], [122618000.0, 0.0026], [122619000.0, 0.0013], [122620000.0, 0.0032]]},
{"timestamp": "1743771666215", "bids": [[122610000.0, 0.5376], [122594000.0, 0.0008], [122564000.0, 0.1448], [122555000.0, 0.0002], [122552000.0, 0.0008], [122551000.0, 0.0244], [122540000.0, 0.0001], [122539000.0, 0.0036], [122520000.0, 0.0001], [122518000.0, 0.0]], "asks": [[122611000.0, 0.0], [122612000.0, 0.0168], [122613000.0, 0.0008], [122614000.0, 0.0009], [122615000.0, 0.0003], [122616000.0, 0.0005], [122617000.0, 0.0017], [122618000.0, 0.0026], [122619000.0, 0.0013], [122620000.0, 0.0032]]},
{"timestamp": "1743771666711", "bids": [[122610000.0, 0.4277], [122594000.0, 0.0008], [122564000.0, 0.1448], [122555000.0, 0.0002], [122552000.0, 0.0008], [122551000.0, 0.0244], [122540000.0, 0.0001], [122539000.0, 0.0036], [122535000.0, 0.0168], [122520000.0, 0.0001]], "asks": [[122611000.0, 0.0], [122612000.0, 0.0168], [122613000.0, 0.0008], [122614000.0, 0.0009], [122615000.0, 0.0003], [122616000.0, 0.0005], [122617000.0, 0.0017], [122618000.0, 0.0026], [122619000.0, 0.0013], [122620000.0, 0.0032]]},
{"timestamp": "1743771667217", "bids": [[122610000.0, 0.4277], [122594000.0, 0.0008], [122564000.0, 0.1448], [122555000.0, 0.0002], [122552000.0, 0.0008], [122551000.0, 0.0244], [122540000.0, 0.0001], [122539000.0, 0.0036], [122520000.0, 0.0001], [122518000.0, 0.0]], "asks": [[122611000.0, 0.0], [122612000.0, 0.0168], [122613000.0, 0.0008], [122614000.0, 0.0009], [122615000.0, 0.0003], [122616000.0, 0.0005], [122617000.0, 0.0017], [122618000.0, 0.0026], [122619000.0, 0.0013], [122620000.0, 0.0032]]},
{"timestamp": "1743771667716", "bids": [[122610000.0, 0.4276], [122594000.0, 0.0008], [122564000.0, 0.1448], [122555000.0, 0.0002], [122552000.0, 0.0008], [122540000.0, 0.0001], [122539000.0, 0.0036], [122520000.0, 0.0001], [122518000.0, 0.0], [122508000.0, 0.0036]], "asks": [[122611000.0, 0.0079], [122612000.0, 0.0168], [122613000.0, 0.0008], [122614000.0, 0.0009], [122615000.0, 0.0003], [122616000.0, 0.0005], [122617000.0, 0.0017], [122618000.0, 0.0032], [122619000.0, 0.0013], [122620000.0, 0.0032]]},
{"timestamp": "1743771668411", "bids": [[122610000.0, 0.4275], [122594000.0, 0.0008], [122564000.0, 0.1448], [122555000.0, 0.0002], [122552000.0, 0.0008], [122540000.0, 0.0001], [122539000.0, 0.0036], [122530000.0, 0.0168], [122520000.0, 0.0001], [122518000.0, 0.0]], "asks": [[122611000.0, 0.0077], [122612000.0, 0.0168], [122613000.0, 0.0008], [122614000.0, 0.0009], [122615000.0, 0.0003], [122616000.0, 0.0005], [122617000.0, 0.0017], [122618000.0, 0.0032], [122619000.0, 0.0013], [122620000.0, 0.0032]]},
{"timestamp": "1743771668714", "bids": [[122610000.0, 0.4261], [122594000.0, 0.0008], [122564000.0, 0.1448], [122555000.0, 0.0002], [122552000.0, 0.0008], [122540000.0, 0.0001], [122539000.0, 0.0036], [122530000.0, 0.0168], [122520000.0, 0.0001], [122518000.0, 0.0]], "asks": [[122612000.0, 0.0168], [122613000.0, 0.0008], [122614000.0, 0.0009], [122615000.0, 0.0003], [122616000.0, 0.0005], [122617000.0, 0.0017], [122618000.0, 0.0026], [122619000.0, 0.0013], [122620000.0, 0.0032], [122621000.0, 0.0807]]},
{"timestamp": "1743771669219", "bids": [[122610000.0, 0.4261], [122594000.0, 0.0008], [122564000.0, 0.1448], [122555000.0, 0.0002], [122552000.0, 0.0008], [122540000.0, 0.0001], [122539000.0, 0.0036], [122520000.0, 0.0001], [122518000.0, 0.0], [122508000.0, 0.0036]], "asks": [[122612000.0, 0.0168], [122613000.0, 0.0008], [122614000.0, 0.0009], [122615000.0, 0.0003], [122616000.0, 0.0005], [122617000.0, 0.0017], [122618000.0, 0.0026], [122619000.0, 0.0013], [122620000.0, 0.0032], [122621000.0, 0.0807]]},
{"timestamp": "1743771669714", "bids": [[122610000.0, 0.4261], [122594000.0, 0.0008], [122564000.0, 0.1448], [122555000.0, 0.0002], [122552000.0, 0.0008], [122540000.0, 0.0001], [122539000.0, 0.0036], [122520000.0, 0.0001], [122518000.0, 0.0], [122508000.0, 0.0036]], "asks": [[122611000.0, 0.0031], [122612000.0, 0.0168], [122613000.0, 0.0008], [122614000.0, 0.0009], [122615000.0, 0.0003], [122616000.0, 0.0005], [122617000.0, 0.0017], [122618000.0, 0.0026], [122619000.0, 0.0013], [122620000.0, 0.0032]]},
{"timestamp": "1743771670217", "bids": [[122610000.0, 0.4255], [122594000.0, 0.0008], [122564000.0, 0.1448], [122555000.0, 0.0002], [122552000.0, 0.0008], [122540000.0, 0.0001], [122539000.0, 0.0036], [122520000.0, 0.0001], [122519000.0, 0.0168], [122518000.0, 0.0]], "asks": [[122612000.0, 0.0168], [122613000.0, 0.0008], [122614000.0, 0.0009], [122615000.0, 0.0003], [122616000.0, 0.0005], [122617000.0, 0.0017], [122618000.0, 0.0026], [122619000.0, 0.0013], [122620000.0, 0.0922], [122621000.0, 0.0807]]},
{"timestamp": "1743771670713", "bids": [[122610000.0, 0.4255], [122594000.0, 0.0008], [122564000.0, 0.1448], [122555000.0, 0.0002], [122552000.0, 0.0008], [122540000.0, 0.0001], [122539000.0, 0.0036], [122520000.0, 0.0001], [122518000.0, 0.0], [122515000.0, 0.0168]], "asks": [[122612000.0, 0.0168], [122613000.0, 0.0008], [122614000.0, 0.0009], [122615000.0, 0.0003], [122616000.0, 0.0005], [122617000.0, 0.0017], [122618000.0, 0.0026], [122619000.0, 0.0013], [122620000.0, 0.0032], [122621000.0, 0.0807]]},
{"timestamp": "1743771671213", "bids": [[122610000.0, 0.4255], [122594000.0, 0.0008], [122564000.0, 0.1448], [122555000.0, 0.0002], [122552000.0, 0.0008], [122540000.0, 0.0001], [122539000.0, 0.0036], [122520000.0, 0.0001], [122518000.0, 0.0], [122515000.0, 0.0168]], "asks": [[122612000.0, 0.0168], [122613000.0, 0.0008], [122614000.0, 0.0009], [122615000.0, 0.0003], [122616000.0, 0.0005], [122617000.0, 0.0017], [122618000.0, 0.0026], [122619000.0, 0.0013], [122620000.0, 0.0032], [122621000.0, 0.0807]]},
{"timestamp": "1743771671717", "bids": [[122610000.0, 0.4255], [122594000.0, 0.0008], [122564000.0, 0.1448], [122555000.0, 0.0002], [122552000.0, 0.0008], [122540000.0, 0.0001], [122539000.0, 0.0036], [122530000.0, 0.0225], [122520000.0, 0.0001], [122518000.0, 0.0]], "asks": [[122612000.0, 0.0168], [122613000.0, 0.0008], [122614000.0, 0.0009], [122615000.0, 0.0003], [122616000.0, 0.0005], [122617000.0, 0.0017], [122618000.0, 0.0026], [122619000.0, 0.0013], [122620000.0, 0.0032], [122621000.0, 0.0807]]},
{"timestamp": "1743771672211", "bids": [[122611000.0, 0.0197], [122610000.0, 0.454], [122594000.0, 0.0008], [122564000.0, 0.1448], [122555000.0, 0.0002], [122552000.0, 0.0008], [122540000.0, 0.0001], [122539000.0, 0.0036], [122530000.0, 0.0225], [122520000.0, 0.0001]], "asks": [[122612000.0, 0.0168], [122613000.0, 0.0008], [122614000.0, 0.0009], [122615000.0, 0.0003], [122616000.0, 0.0005], [122617000.0, 0.0017], [122618000.0, 0.0026], [122619000.0, 0.0013], [122620000.0, 0.0032], [122621000.0, 0.0807]]},
{"timestamp": "1743771672713", "bids": [[122611000.0, 0.1681], [122610000.0, 0.454], [122594000.0, 0.0008], [122564000.0, 0.1448], [122560000.0, 0.0001], [122555000.0, 0.0002], [122552000.0, 0.0008], [122540000.0, 0.0001], [122539000.0, 0.0036], [122530000.0, 0.0225]], "asks": [[122612000.0, 0.0168], [122613000.0, 0.0008], [122614000.0, 0.0009], [122615000.0, 0.0003], [122616000.0, 0.0005], [122617000.0, 0.0017], [122618000.0, 0.0026], [122619000.0, 0.0013], [122620000.0, 0.0032], [122621000.0, 0.0807]]},
{"timestamp": "1743771673216", "bids": [[122611000.0, 0.1733], [122610000.0, 0.454], [122594000.0, 0.0008], [122564000.0, 0.1448], [122560000.0, 0.0001], [122555000.0, 0.0002], [122552000.0, 0.0008], [122540000.0, 0.0001], [122539000.0, 0.0036], [122530000.0, 0.0225]], "asks": [[122612000.0, 0.0168], [122613000.0, 0.0008], [122614000.0, 0.0009], [122615000.0, 0.0003], [122616000.0, 0.0005], [122617000.0, 0.0017], [122618000.0, 0.0026], [122619000.0, 0.0013], [122620000.0, 0.0032], [122621000.0, 0.0807]]},
{"timestamp": "1743771673714", "bids": [[122611000.0, 0.0051], [122610000.0, 0.454], [122594000.0, 0.0008], [122564000.0, 0.1448], [122560000.0, 0.0001], [122555000.0, 0.0002], [122552000.0, 0.0008], [122540000.0, 0.0001], [122539000.0, 0.0036], [122530000.0, 0.0225]], "asks": [[122612000.0, 0.0168], [122613000.0, 0.0008], [122614000.0, 0.0009], [122615000.0, 0.0003], [122616000.0, 0.0005], [122617000.0, 0.0017], [122618000.0, 0.0026], [122619000.0, 0.0013], [122620000.0, 0.0032], [122621000.0, 0.0807]]},
{"timestamp": "1743771674220", "bids": [[122610000.0, 0.454], [122594000.0, 0.0008], [122564000.0, 0.1448], [122560000.0, 0.0001], [122555000.0, 0.0002], [122552000.0, 0.0008], [122540000.0, 0.0001], [122539000.0, 0.0036], [122530000.0, 0.0225], [122520000.0, 0.0001]], "asks": [[122612000.0, 0.0168], [122613000.0, 0.0008], [122614000.0, 0.0009], [122615000.0, 0.0003], [122616000.0, 0.0005], [122617000.0, 0.0017], [122618000.0, 0.0026], [122619000.0, 0.0013], [122620000.0, 0.0032], [122621000.0, 0.0807]]},
{"timestamp": "1743771674715", "bids": [[122610000.0, 0.0285], [122594000.0, 0.0008], [122578000.0, 0.0168], [122564000.0, 0.1448], [122560000.0, 0.0001], [122555000.0, 0.0002], [122552000.0, 0.0008], [122540000.0, 0.0001], [122539000.0, 0.0036], [122530000.0, 0.0225]], "asks": [[122612000.0, 0.0168], [122613000.0, 0.0008], [122614000.0, 0.0009], [122615000.0, 0.0003], [122616000.0, 0.0005], [122617000.0, 0.0017], [122618000.0, 0.0026], [122619000.0, 0.0013], [122620000.0, 0.0032], [122621000.0, 0.0807]]},
{"timestamp": "1743771675217", "bids": [[122610000.0, 0.0285], [122594000.0, 0.0008], [122564000.0, 0.1448], [122560000.0, 0.0001], [122555000.0, 0.0002], [122552000.0, 0.0008], [122540000.0, 0.0001], [122539000.0, 0.0036], [122530000.0, 0.0225], [122520000.0, 0.0001]], "asks": [[122612000.0, 0.0168], [122613000.0, 0.0008], [122614000.0, 0.0009], [122615000.0, 0.0003], [122616000.0, 0.0005], [122617000.0, 0.0017], [122618000.0, 0.0026], [122619000.0, 0.0013], [122620000.0, 0.0032], [122621000.0, 0.0807]]},
{"timestamp": "1743771675718", "bids": [[122610000.0, 0.0285], [122594000.0, 0.0008], [122568000.0, 0.0168], [122564000.0, 0.1448], [122560000.0, 0.0001], [122555000.0, 0.0002], [122552000.0, 0.0008], [122540000.0, 0.0001], [122539000.0, 0.0036], [122530000.0, 0.0225]], "asks": [[122612000.0, 0.0168], [122613000.0, 0.0008], [122614000.0, 0.0009], [122615000.0, 0.0003], [122616000.0, 0.0005], [122617000.0, 0.0017], [122618000.0, 0.0026], [122619000.0, 0.0013], [122620000.0, 0.0032], [122621000.0, 0.0807]]},
{"timestamp": "1743771676222", "bids": [[122594000.0, 0.0008], [122568000.0, 0.0168], [122564000.0, 0.1448], [122560000.0, 0.0001], [122555000.0, 0.0002], [122552000.0, 0.0008], [122540000.0, 0.0001], [122539000.0, 0.0036], [122530000.0, 0.0225], [122520000.0, 0.0001]], "asks": [[122610000.0, 0.1253], [122612000.0, 0.0168], [122613000.0, 0.0008], [122614000.0, 0.0009], [122615000.0, 0.0003], [122616000.0, 0.0005], [122617000.0, 0.0017], [122618000.0, 0.0026], [122619000.0, 0.0013], [122620000.0, 0.0032]]},
{"timestamp": "1743771676718", "bids": [[122594000.0, 0.0008], [122568000.0, 0.0168], [122564000.0, 0.1448], [122560000.0, 0.0001], [122555000.0, 0.0002], [122552000.0, 0.0008], [122540000.0, 0.0001], [122539000.0, 0.0036], [122530000.0, 0.0225], [122520000.0, 0.0001]], "asks": [[122610000.0, 0.1253], [122612000.0, 0.0168], [122613000.0, 0.0008], [122614000.0, 0.0009], [122615000.0, 0.0003], [122616000.0, 0.0005], [122617000.0, 0.0017], [122618000.0, 0.0026], [122619000.0, 0.0013], [122620000.0, 0.0032]]},
{"timestamp": "1743771677218", "bids": [[122595000.0, 0.0197], [122594000.0, 0.0008], [122568000.0, 0.0168], [122564000.0, 0.1448], [122560000.0, 0.0001], [122555000.0, 0.0002], [122552000.0, 0.0008], [122540000.0, 0.0001], [122539000.0, 0.0036], [122530000.0, 0.0225]], "asks": [[122610000.0, 0.1253], [122612000.0, 0.0168], [122613000.0, 0.0008], [122614000.0, 0.0009], [122615000.0, 0.0003], [122616000.0, 0.0005], [122617000.0, 0.0017], [122618000.0, 0.0026], [122619000.0, 0.0013], [122620000.0, 0.0032]]},
{"timestamp": "1743771677720", "bids": [[122595000.0, 0.1681], [122594000.0, 0.0008], [122564000.0, 0.1448], [122560000.0, 0.0001], [122555000.0, 0.0002], [122552000.0, 0.0008], [122540000.0, 0.0001], [122539000.0, 0.0036], [122530000.0, 0.0225], [122520000.0, 0.0001]], "asks": [[122610000.0, 0.1253], [122612000.0, 0.0168], [122613000.0, 0.0008], [122614000.0, 0.0009], [122615000.0, 0.0003], [122616000.0, 0.0005], [122617000.0, 0.0017], [122618000.0, 0.0026], [122619000.0, 0.0013], [122620000.0, 0.0032]]},
{"timestamp": "1743771678215", "bids": [[122595000.0, 0.1484], [122594000.0, 0.0008], [122564000.0, 0.1448], [122560000.0, 0.0001], [122555000.0, 0.0002], [122552000.0, 0.0008], [122540000.0, 0.0001], [122539000.0, 0.0036], [122530000.0, 0.0225], [122520000.0, 0.0001]], "asks": [[122610000.0, 0.1253], [122612000.0, 0.0168], [122613000.0, 0.0008], [122614000.0, 0.0009], [122615000.0, 0.0003], [122616000.0, 0.0005], [122617000.0, 0.0017], [122618000.0, 0.0026], [122619000.0, 0.0013], [122620000.0, 0.0032]]},
{"timestamp": "1743771678714", "bids": [[122612000.0, 0.018], [122611000.0, 0.01], [122595000.0, 0.0624], [122594000.0, 0.0008], [122578000.0, 0.0361], [122564000.0, 0.1448], [122560000.0, 0.0001], [122555000.0, 0.0002], [122552000.0, 0.0008], [122540000.0, 0.0001]], "asks": [[122613000.0, 0.0008], [122614000.0, 0.0009], [122615000.0, 0.0003], [122616000.0, 0.0005], [122617000.0, 0.0017], [122618000.0, 0.0026], [122619000.0, 0.0013], [122620000.0, 0.0032], [122621000.0, 0.0807], [122622000.0, 0.0154]]},
{"timestamp": "1743771679219", "bids": [[122612000.0, 0.018], [122611000.0, 0.01], [122594000.0, 0.0008], [122578000.0, 0.0361], [122570000.0, 0.0225], [122564000.0, 0.1448], [122560000.0, 0.0001], [122555000.0, 0.0002], [122552000.0, 0.0008], [122540000.0, 0.0001]], "asks": [[122613000.0, 0.0008], [122614000.0, 0.0009], [122615000.0, 0.0003], [122616000.0, 0.0005], [122617000.0, 0.0017], [122618000.0, 0.0026], [122619000.0, 0.0013], [122620000.0, 0.0032], [122621000.0, 0.0807], [122622000.0, 0.0154]]},
{"timestamp": "1743771679721", "bids": [[122612000.0, 0.0425], [122611000.0, 0.01], [122594000.0, 0.0008], [122578000.0, 0.0361], [122570000.0, 0.0225], [122564000.0, 0.1448], [122560000.0, 0.0001], [122555000.0, 0.0002], [122552000.0, 0.0008], [122540000.0, 0.0001]], "asks": [[122613000.0, 0.0008], [122614000.0, 0.0009], [122615000.0, 0.0003], [122616000.0, 0.0005], [122617000.0, 0.0017], [122618000.0, 0.0026], [122619000.0, 0.0013], [122620000.0, 0.0032], [122621000.0, 0.0807], [122622000.0, 0.0154]]},
{"timestamp": "1743771680217", "bids": [[122612000.0, 0.2055], [122611000.0, 0.01], [122594000.0, 0.0008], [122578000.0, 0.0361], [122570000.0, 0.0225], [122565000.0, 0.0661], [122564000.0, 0.1448], [122560000.0, 0.0001], [122555000.0, 0.0002], [122552000.0, 0.0008]], "asks": [[122613000.0, 0.0008], [122614000.0, 0.0009], [122615000.0, 0.0003], [122616000.0, 0.0005], [122617000.0, 0.0017], [122618000.0, 0.0026], [122619000.0, 0.0013], [122620000.0, 0.0032], [122621000.0, 0.0807], [122622000.0, 0.0154]]},
{"timestamp": "1743771680718", "bids": [[122612000.0, 0.0936], [122611000.0, 0.01], [122594000.0, 0.0008], [122579000.0, 0.0661], [122578000.0, 0.0361], [122565000.0, 0.0661], [122564000.0, 0.1448], [122560000.0, 0.0001], [122555000.0, 0.0002], [122552000.0, 0.0008]], "asks": [[122613000.0, 0.0008], [122614000.0, 0.0009], [122615000.0, 0.0003], [122616000.0, 0.0005], [122617000.0, 0.0017], [122618000.0, 0.0026], [122619000.0, 0.0013], [122620000.0, 0.0032], [122621000.0, 0.0807], [122622000.0, 0.0154]]},
{"timestamp": "1743771681221", "bids": [[122612000.0, 0.0517], [122611000.0, 0.01], [122594000.0, 0.0008], [122579000.0, 0.0661], [122578000.0, 0.0361], [122564000.0, 0.1448], [122560000.0, 0.0001], [122555000.0, 0.0002], [122552000.0, 0.0119], [122541000.0, 0.0248]], "asks": [[122613000.0, 0.0008], [122614000.0, 0.0009], [122615000.0, 0.0003], [122616000.0, 0.0005], [122617000.0, 0.0017], [122618000.0, 0.0026], [122619000.0, 0.0013], [122620000.0, 0.0032], [122621000.0, 0.0807], [122622000.0, 0.0154]]},
{"timestamp": "1743771681721", "bids": [[122612000.0, 0.0388], [122611000.0, 0.01], [122594000.0, 0.0008], [122578000.0, 0.0361], [122567000.0, 0.0225], [122566000.0, 0.0002], [122564000.0, 0.1448], [122560000.0, 0.0001], [122555000.0, 0.0002], [122552000.0, 0.0119]], "asks": [[122613000.0, 0.0008], [122614000.0, 0.0009], [122615000.0, 0.0003], [122616000.0, 0.0005], [122617000.0, 0.0017], [122618000.0, 0.0026], [122619000.0, 0.0013], [122620000.0, 0.0032], [122621000.0, 0.0807], [122622000.0, 0.0154]]},
{"timestamp": "1743771682219", "bids": [[122612000.0, 0.0388], [122611000.0, 0.01], [122596000.0, 0.0048], [122594000.0, 0.0008], [122567000.0, 0.0225], [122566000.0, 0.0002], [122564000.0, 0.1448], [122560000.0, 0.0001], [122555000.0, 0.0002], [122552000.0, 0.0119]], "asks": [[122613000.0, 0.0008], [122614000.0, 0.0009], [122615000.0, 0.0003], [122616000.0, 0.0005], [122617000.0, 0.0017], [122618000.0, 0.0026], [122619000.0, 0.0013], [122620000.0, 0.0032], [122621000.0, 0.0807], [122622000.0, 0.0154]]},
{"timestamp": "1743771682719", "bids": [[122612000.0, 0.0389], [122611000.0, 0.01], [122596000.0, 0.0048], [122594000.0, 0.0008], [122566000.0, 0.0002], [122564000.0, 0.1448], [122560000.0, 0.0001], [122555000.0, 0.0002], [122552000.0, 0.0119], [122546000.0, 0.0128]], "asks": [[122613000.0, 0.0008], [122614000.0, 0.0009], [122615000.0, 0.0003], [122616000.0, 0.0005], [122617000.0, 0.0017], [122618000.0, 0.0026], [122619000.0, 0.0013], [122620000.0, 0.0032], [122621000.0, 0.0807], [122622000.0, 0.0154]]},
{"timestamp": "1743771683217", "bids": [[122612000.0, 0.0389], [122611000.0, 0.01], [122596000.0, 0.0048], [122594000.0, 0.0008], [122566000.0, 0.0002], [122564000.0, 0.1448], [122560000.0, 0.0001], [122555000.0, 0.0002], [122552000.0, 0.0008], [122546000.0, 0.0128]], "asks": [[122613000.0, 0.0008], [122614000.0, 0.0009], [122615000.0, 0.0003], [122616000.0, 0.0005], [122617000.0, 0.0017], [122618000.0, 0.0026], [122619000.0, 0.0013], [122620000.0, 0.0032], [122621000.0, 0.0807], [122622000.0, 0.0154]]},
{"timestamp": "1743771683720", "bids": [[122612000.0, 0.1873], [122611000.0, 0.01], [122594000.0, 0.0008], [122567000.0, 0.0225], [122566000.0, 0.0002], [122564000.0, 0.1448], [122560000.0, 0.0001], [122555000.0, 0.0002], [122552000.0, 0.0008], [122540000.0, 0.0001]], "asks": [[122613000.0, 0.0008], [122614000.0, 0.0009], [122615000.0, 0.0357], [122616000.0, 0.0005], [122617000.0, 0.0017], [122618000.0, 0.0026], [122619000.0, 0.0013], [122620000.0, 0.0032], [122621000.0, 0.0807], [122622000.0, 0.0154]]},
{"timestamp": "1743771684239", "bids": [[122612000.0, 0.1307], [122611000.0, 0.01], [122594000.0, 0.0008], [122567000.0, 0.0225], [122566000.0, 0.0002], [122564000.0, 0.1448], [122560000.0, 0.0001], [122555000.0, 0.0002], [122552000.0, 0.0008], [122540000.0, 0.0001]], "asks": [[122615000.0, 0.005], [122616000.0, 0.0005], [122617000.0, 0.0017], [122618000.0, 0.0026], [122619000.0, 0.0013], [122620000.0, 0.0032], [122621000.0, 0.0807], [122622000.0, 0.0154], [122623000.0, 0.0], [122624000.0, 0.0012]]},
{"timestamp": "1743771684723", "bids": [[122612000.0, 0.06], [122611000.0, 0.01], [122594000.0, 0.0008], [122580000.0, 0.0357], [122567000.0, 0.0225], [122566000.0, 0.0002], [122564000.0, 0.1448], [122560000.0, 0.0001], [122555000.0, 0.0002], [122552000.0, 0.0008]], "asks": [[122615000.0, 0.005], [122616000.0, 0.0005], [122617000.0, 0.0017], [122618000.0, 0.0026], [122619000.0, 0.0013], [122620000.0, 0.0032], [122621000.0, 0.0807], [122622000.0, 0.0154], [122623000.0, 0.0], [122624000.0, 0.0012]]},
{"timestamp": "1743771685222", "bids": [[122612000.0, 0.0724], [122611000.0, 0.01], [122594000.0, 0.0008], [122580000.0, 0.0357], [122567000.0, 0.0225], [122566000.0, 0.0002], [122564000.0, 0.1448], [122560000.0, 0.0001], [122555000.0, 0.0002], [122552000.0, 0.0008]], "asks": [[122615000.0, 0.005], [122616000.0, 0.0005], [122617000.0, 0.0017], [122618000.0, 0.0026], [122619000.0, 0.0013], [122620000.0, 0.0032], [122621000.0, 0.0807], [122622000.0, 0.0154], [122623000.0, 0.0], [122624000.0, 0.0012]]},
{"timestamp": "1743771685722", "bids": [[122612000.0, 0.0509], [122611000.0, 0.01], [122594000.0, 0.0008], [122566000.0, 0.0002], [122564000.0, 0.1448], [122560000.0, 0.0001], [122555000.0, 0.0002], [122552000.0, 0.0008], [122545000.0, 0.0128], [122544000.0, 0.0144]], "asks": [[122615000.0, 0.005], [122616000.0, 0.0005], [122617000.0, 0.0017], [122618000.0, 0.0026], [122619000.0, 0.0013], [122620000.0, 0.0032], [122621000.0, 0.0807], [122622000.0, 0.0154], [122623000.0, 0.0], [122624000.0, 0.0012]]},
{"timestamp": "1743771686220", "bids": [[122612000.0, 0.0509], [122611000.0, 0.01], [122594000.0, 0.0008], [122592000.0, 0.005], [122566000.0, 0.0002], [122564000.0, 0.1448], [122560000.0, 0.0001], [122555000.0, 0.0002], [122552000.0, 0.0008], [122545000.0, 0.0128]], "asks": [[122615000.0, 0.005], [122616000.0, 0.0005], [122617000.0, 0.0017], [122618000.0, 0.0026], [122619000.0, 0.0013], [122620000.0, 0.0032], [122621000.0, 0.0807], [122622000.0, 0.0154], [122623000.0, 0.0], [122624000.0, 0.0012]]},
{"timestamp": "1743771686719", "bids": [[122612000.0, 0.0509], [122611000.0, 0.01], [122594000.0, 0.0008], [122592000.0, 0.005], [122567000.0, 0.0225], [122566000.0, 0.0002], [122564000.0, 0.1448], [122560000.0, 0.0001], [122555000.0, 0.0002], [122552000.0, 0.0008]], "asks": [[122615000.0, 0.005], [122616000.0, 0.0005], [122617000.0, 0.0017], [122618000.0, 0.0026], [122619000.0, 0.0013], [122620000.0, 0.0032], [122621000.0, 0.0807], [122622000.0, 0.0154], [122623000.0, 0.0], [122624000.0, 0.0012]]},
{"timestamp": "1743771687219", "bids": [[122620000.0, 0.4118], [122613000.0, 0.1444], [122612000.0, 0.0509], [122611000.0, 0.01], [122594000.0, 0.0008], [122592000.0, 0.005], [122567000.0, 0.0225], [122566000.0, 0.0002], [122564000.0, 0.1448], [122560000.0, 0.0001]], "asks": [[122621000.0, 0.0807], [122622000.0, 0.0154], [122623000.0, 0.0], [122624000.0, 0.0012], [122625000.0, 0.0035], [122626000.0, 0.0085], [122627000.0, 0.0004], [122628000.0, 0.0028], [122629000.0, 0.0013], [122630000.0, 0.0104]]},
{"timestamp": "1743771687722", "bids": [[122620000.0, 0.4118], [122613000.0, 0.1597], [122612000.0, 0.0509], [122611000.0, 0.01], [122594000.0, 0.0008], [122592000.0, 0.005], [122567000.0, 0.0225], [122566000.0, 0.0002], [122565000.0, 0.0651], [122564000.0, 0.1448]], "asks": [[122621000.0, 0.0807], [122622000.0, 0.0154], [122623000.0, 0.0], [122624000.0, 0.0012], [122625000.0, 0.0035], [122626000.0, 0.0085], [122627000.0, 0.0004], [122628000.0, 0.0028], [122629000.0, 0.0013], [122630000.0, 0.0104]]},
{"timestamp": "1743771688221", "bids": [[122620000.0, 0.4316], [122613000.0, 0.1597], [122612000.0, 0.0509], [122611000.0, 0.01], [122594000.0, 0.0008], [122592000.0, 0.005], [122567000.0, 0.0225], [122566000.0, 0.0002], [122565000.0, 0.0651], [122564000.0, 0.1448]], "asks": [[122621000.0, 0.0807], [122622000.0, 0.0154], [122623000.0, 0.0], [122624000.0, 0.0012], [122625000.0, 0.0035], [122626000.0, 0.0085], [122627000.0, 0.0004], [122628000.0, 0.0028], [122629000.0, 0.0013], [122630000.0, 0.0104]]},
{"timestamp": "1743771688721", "bids": [[122620000.0, 0.4323], [122612000.0, 0.0509], [122611000.0, 0.01], [122594000.0, 0.0008], [122592000.0, 0.005], [122571000.0, 0.0143], [122567000.0, 0.0225], [122566000.0, 0.0002], [122565000.0, 0.0652], [122564000.0, 0.1448]], "asks": [[122621000.0, 0.0757], [122622000.0, 0.0154], [122623000.0, 0.0], [122624000.0, 0.0012], [122625000.0, 0.0035], [122626000.0, 0.0085], [122627000.0, 0.0004], [122628000.0, 0.0028], [122629000.0, 0.0013], [122630000.0, 0.0104]]},
{"timestamp": "1743771689222", "bids": [[122633000.0, 1.4107], [122627000.0, 0.0001], [122620000.0, 0.4453], [122612000.0, 0.0509], [122611000.0, 0.01], [122594000.0, 0.0008], [122592000.0, 0.0168], [122573000.0, 0.0128], [122571000.0, 0.0143], [122568000.0, 0.0001]], "asks": [[122634000.0, 0.0045], [122636000.0, 0.0033], [122637000.0, 0.1634], [122638000.0, 0.0044], [122639000.0, 0.0001], [122640000.0, 0.0045], [122641000.0, 0.0008], [122642000.0, 0.004], [122643000.0, 0.0037], [122644000.0, 0.0024]]},
{"timestamp": "1743771689722", "bids": [[122627000.0, 0.0001], [122620000.0, 0.4639], [122612000.0, 0.0509], [122611000.0, 0.01], [122594000.0, 0.0008], [122592000.0, 0.0118], [122583000.0, 0.0001], [122578000.0, 0.0125], [122573000.0, 0.0128], [122570000.0, 0.0001]], "asks": [[122637000.0, 0.1548], [122638000.0, 0.0044], [122639000.0, 0.0001], [122640000.0, 0.0045], [122641000.0, 0.0008], [122642000.0, 0.004], [122643000.0, 0.0037], [122644000.0, 0.0024], [122645000.0, 0.004], [122646000.0, 0.0009]]},
{"timestamp": "1743771690222", "bids": [[122627000.0, 0.0002], [122620000.0, 0.4508], [122612000.0, 0.0509], [122611000.0, 0.01], [122594000.0, 0.0262], [122592000.0, 0.0118], [122583000.0, 0.0153], [122580000.0, 0.0248], [122579000.0, 0.0096], [122578000.0, 0.0183]], "asks": [[122637000.0, 0.1548], [122638000.0, 0.0044], [122639000.0, 0.0001], [122640000.0, 0.0045], [122641000.0, 0.0008], [122642000.0, 0.004], [122643000.0, 0.0037], [122644000.0, 0.0024], [122645000.0, 0.004], [122646000.0, 0.0009]]},
{"timestamp": "1743771690718", "bids": [[122627000.0, 0.0002], [122620000.0, 0.4508], [122612000.0, 0.0509], [122611000.0, 0.01], [122594000.0, 0.0262], [122583000.0, 0.0152], [122580000.0, 0.0248], [122579000.0, 0.0096], [122578000.0, 0.0183], [122577000.0, 0.0177]], "asks": [[122637000.0, 0.1548], [122638000.0, 0.0044], [122639000.0, 0.0001], [122640000.0, 0.0045], [122641000.0, 0.0008], [122642000.0, 0.004], [122643000.0, 0.0037], [122644000.0, 0.0024], [122645000.0, 0.004], [122646000.0, 0.0009]]},
{"timestamp": "1743771691222", "bids": [[122620000.0, 0.4096], [122612000.0, 0.0509], [122611000.0, 0.01], [122594000.0, 0.0262], [122592000.0, 0.0361], [122583000.0, 0.0152], [122581000.0, 0.0182], [122580000.0, 0.0248], [122579000.0, 0.0096], [122578000.0, 0.0182]], "asks": [[122637000.0, 0.1548], [122638000.0, 0.0044], [122639000.0, 0.0001], [122640000.0, 0.0045], [122641000.0, 0.0008], [122642000.0, 0.004], [122643000.0, 0.0037], [122644000.0, 0.0024], [122645000.0, 0.004], [122646000.0, 0.0009]]},
{"timestamp": "1743771691728", "bids": [[122621000.0, 0.1483], [122620000.0, 0.4096], [122612000.0, 0.0509], [122611000.0, 0.01], [122594000.0, 0.0262], [122583000.0, 0.0152], [122581000.0, 0.0182], [122580000.0, 0.0248], [122578000.0, 0.0182], [122577000.0, 0.0305]], "asks": [[122637000.0, 0.1547], [122638000.0, 0.0044], [122639000.0, 0.0001], [122640000.0, 0.0045], [122641000.0, 0.0008], [122642000.0, 0.004], [122643000.0, 0.0037], [122644000.0, 0.0024], [122645000.0, 0.004], [122646000.0, 0.0009]]},
{"timestamp": "1743771692223", "bids": [[122621000.0, 0.1681], [122620000.0, 0.4096], [122612000.0, 0.0509], [122611000.0, 0.01], [122605000.0, 0.0361], [122594000.0, 0.0008], [122583000.0, 0.0152], [122576000.0, 0.0144], [122575000.0, 0.022], [122572000.0, 0.0178]], "asks": [[122637000.0, 0.1547], [122638000.0, 0.0044], [122639000.0, 0.0001], [122640000.0, 0.0045], [122641000.0, 0.0008], [122642000.0, 0.004], [122643000.0, 0.0037], [122644000.0, 0.0024], [122645000.0, 0.004], [122646000.0, 0.0009]]},
{"timestamp": "1743771692718", "bids": [[122621000.0, 0.1681], [122620000.0, 0.4096], [122612000.0, 0.0509], [122611000.0, 0.01], [122605000.0, 0.0361], [122594000.0, 0.0008], [122576000.0, 0.0144], [122575000.0, 0.022], [122570000.0, 0.016], [122567000.0, 0.0225]], "asks": [[122637000.0, 0.1547], [122638000.0, 0.0044], [122639000.0, 0.0001], [122640000.0, 0.0045], [122641000.0, 0.0008], [122642000.0, 0.004], [122643000.0, 0.0037], [122644000.0, 0.0024], [122645000.0, 0.004], [122646000.0, 0.0009]]},
{"timestamp": "1743771693221", "bids": [[122620000.0, 0.4096], [122612000.0, 0.0509], [122611000.0, 0.01], [122605000.0, 0.0361], [122604000.0, 0.0225], [122594000.0, 0.0008], [122592000.0, 0.0254], [122590000.0, 0.0128], [122579000.0, 0.0183], [122578000.0, 0.0248]], "asks": [[122637000.0, 0.1547], [122638000.0, 0.0044], [122639000.0, 0.0001], [122640000.0, 0.0045], [122641000.0, 0.0008], [122642000.0, 0.004], [122643000.0, 0.0037], [122644000.0, 0.0024], [122645000.0, 0.004], [122646000.0, 0.0009]]},
{"timestamp": "1743771693721", "bids": [[122622000.0, 0.0113], [122620000.0, 0.4096], [122612000.0, 0.0509], [122611000.0, 0.01], [122605000.0, 0.0361], [122604000.0, 0.0225], [122594000.0, 0.0008], [122592000.0, 0.0254], [122590000.0, 0.0128], [122588000.0, 0.0182]], "asks": [[122637000.0, 0.1546], [122638000.0, 0.0044], [122639000.0, 0.0001], [122640000.0, 0.0045], [122641000.0, 0.0008], [122642000.0, 0.004], [122643000.0, 0.0037], [122644000.0, 0.0024], [122645000.0, 0.004], [122646000.0, 0.0009]]},
{"timestamp": "1743771694222", "bids": [[122640000.0, 1.247], [122622000.0, 0.0192], [122620000.0, 0.4096], [122612000.0, 0.0509], [122611000.0, 0.01], [122609000.0, 0.0062], [122605000.0, 0.0361], [122604000.0, 0.0225], [122596000.0, 0.0267], [122594000.0, 0.0227]], "asks": [[122648000.0, 0.0021], [122649000.0, 0.0024], [122650000.0, 0.0131], [122651000.0, 0.0051], [122652000.0, 0.0113], [122653000.0, 0.0015], [122654000.0, 0.0085], [122655000.0, 0.0024], [122656000.0, 0.0015], [122658000.0, 0.0005]]},
{"timestamp": "1743771694723", "bids": [[122640000.0, 1.246], [122637000.0, 0.0174], [122633000.0, 0.0002], [122624000.0, 0.0001], [122622000.0, 0.084], [122621000.0, 0.1039], [122620000.0, 0.4096], [122618000.0, 0.0001], [122616000.0, 0.0124], [122612000.0, 0.0509]], "asks": [[122650000.0, 0.0122], [122651000.0, 0.0051], [122652000.0, 0.0113], [122653000.0, 0.0015], [122654000.0, 0.0085], [122655000.0, 0.0024], [122656000.0, 0.0015], [122658000.0, 0.0005], [122659000.0, 0.0009], [122660000.0, 0.0011]]},
{"timestamp": "1743771695224", "bids": [[122640000.0, 1.246], [122637000.0, 0.0174], [122633000.0, 0.0002], [122624000.0, 0.0001], [122622000.0, 0.0788], [122621000.0, 0.1039], [122620000.0, 0.4341], [122618000.0, 0.0001], [122616000.0, 0.0124], [122612000.0, 0.0509]], "asks": [[122651000.0, 0.0032], [122652000.0, 0.0113], [122653000.0, 0.0015], [122654000.0, 0.0085], [122655000.0, 0.0024], [122656000.0, 0.0015], [122658000.0, 0.0005], [122659000.0, 0.0009], [122660000.0, 0.0011], [122662000.0, 0.0037]]},
{"timestamp": "1743771695723", "bids": [[122654000.0, 0.0041], [122650000.0, 0.0122], [122649000.0, 0.0174], [122648000.0, 0.0021], [122645000.0, 0.0002], [122642000.0, 0.0048], [122641000.0, 0.0851], [122637000.0, 0.0174], [122634000.0, 0.0241], [122633000.0, 0.0002]], "asks": [[122655000.0, 0.0024], [122656000.0, 0.0015], [122658000.0, 0.0005], [122659000.0, 0.0009], [122660000.0, 0.0011], [122662000.0, 0.0037], [122663000.0, 0.0005], [122664000.0, 0.0086], [122665000.0, 0.0], [122666000.0, 0.0016]]},
{"timestamp": "1743771696224", "bids": [[122687000.0, 0.0066], [122679000.0, 0.0166], [122667000.0, 0.0174], [122655000.0, 0.0165], [122650000.0, 0.0124], [122649000.0, 0.0212], [122648000.0, 0.0169], [122644000.0, 0.0227], [122641000.0, 0.1314], [122637000.0, 0.0174]], "asks": [[122688000.0, 0.0062], [122689000.0, 0.0017], [122690000.0, 0.0007], [122691000.0, 0.002], [122692000.0, 0.0008], [122693000.0, 0.0037], [122694000.0, 0.0062], [122695000.0, 0.0013], [122696000.0, 0.0106], [122697000.0, 0.0018]]},
{"timestamp": "1743771696722", "bids": [[122687000.0, 0.0066], [122683000.0, 0.0001], [122681000.0, 0.0001], [122679000.0, 0.0166], [122667000.0, 0.0183], [122657000.0, 0.0162], [122655000.0, 0.0167], [122651000.0, 0.0032], [122650000.0, 0.0124], [122649000.0, 0.0212]], "asks": [[122688000.0, 0.0043], [122689000.0, 0.0017], [122690000.0, 0.0007], [122691000.0, 0.002], [122692000.0, 0.0008], [122693000.0, 0.0037], [122694000.0, 0.0062], [122695000.0, 0.0013], [122696000.0, 0.0106], [122697000.0, 0.0018]]},
{"timestamp": "1743771697224", "bids": [[122687000.0, 0.0044], [122683000.0, 0.0267], [122681000.0, 0.0001], [122679000.0, 0.0166], [122673000.0, 0.022], [122672000.0, 0.0101], [122668000.0, 0.0184], [122667000.0, 1.2643], [122659000.0, 0.0167], [122657000.0, 0.0164]], "asks": [[122693000.0, 0.001], [122694000.0, 0.0062], [122695000.0, 0.0013], [122696000.0, 0.0106], [122697000.0, 0.0018], [122698000.0, 0.0035], [122699000.0, 0.0212], [122700000.0, 0.7461], [122701000.0, 0.0095], [122702000.0, 0.0095]]},
{"timestamp": "1743771697722", "bids": [[122690000.0, 0.0248], [122687000.0, 0.001], [122686000.0, 0.0177], [122683000.0, 0.0267], [122681000.0, 0.0001], [122673000.0, 0.022], [122672000.0, 0.0101], [122668000.0, 0.0184], [122667000.0, 1.2643], [122659000.0, 0.0167]], "asks": [[122700000.0, 0.7295], [122701000.0, 0.0095], [122702000.0, 0.0095], [122703000.0, 0.0057], [122704000.0, 0.029], [122705000.0, 0.0008], [122706000.0, 0.0002], [122707000.0, 0.0], [122708000.0, 0.0009], [122709000.0, 0.001]]},
