[{"timestamp": "1743771208877", "bids": [[122433000.0, 0.0027], [122430000.0, 0.0124], [122426000.0, 0.0254], [122425000.0, 0.0004], [122423000.0, 0.077], [122422000.0, 0.0322], [122421000.0, 0.0001], [122416000.0, 0.0251], [122415000.0, 0.0036], [122412000.0, 0.0706]], "asks": [[122449000.0, 0.0049], [122451000.0, 0.0304], [122452000.0, 0.006], [122453000.0, 0.0038], [122454000.0, 0.0013], [122455000.0, 0.0], [122456000.0, 0.0043], [122457000.0, 0.004], [122458000.0, 0.0032], [122459000.0, 0.0]]},
{"timestamp": "1743771209353", "bids": [[122433000.0, 0.0027], [122430000.0, 0.0124], [122426000.0, 0.0254], [122425000.0, 0.0004], [122423000.0, 0.077], [122422000.0, 0.0322], [122421000.0, 0.0001], [122416000.0, 0.0251], [122415000.0, 0.0036], [122412000.0, 0.0706]], "asks": [[122449000.0, 0.0049], [122451000.0, 0.0304], [122452000.0, 0.006], [122453000.0, 0.0038], [122454000.0, 0.0013], [122455000.0, 0.0], [122456000.0, 0.0043], [122457000.0, 0.004], [122458000.0, 0.0032], [122459000.0, 0.0]]},
{"timestamp": "1743771209846", "bids": [[122441000.0, 0.0225], [122434000.0, 0.0078], [122433000.0, 0.0027], [122430000.0, 0.0124], [122426000.0, 0.0254], [122425000.0, 0.0004], [122422000.0, 0.0322], [122421000.0, 0.0001], [122417000.0, 0.077], [122416000.0, 0.0251]], "asks": [[122449000.0, 0.0049], [122451000.0, 0.0304], [122452000.0, 0.006], [122453000.0, 0.0038], [122454000.0, 0.0013], [122455000.0, 0.0], [122456000.0, 0.0043], [122457000.0, 0.004], [122458000.0, 0.0032], [122459000.0, 0.0]]},
{"timestamp": "1743771210344", "bids": [[122441000.0, 0.0225], [122434000.0, 0.0078], [122433000.0, 0.0027], [122430000.0, 0.0124], [122426000.0, 0.0001], [122425000.0, 0.0004], [122421000.0, 0.0001], [122416000.0, 0.0251], [122415000.0, 0.0036], [122412000.0, 0.0448]], "asks": [[122449000.0, 0.0049], [122451000.0, 0.0304], [122452000.0, 0.006], [122453000.0, 0.0038], [122454000.0, 0.0013], [122455000.0, 0.0], [122456000.0, 0.0043], [122457000.0, 0.004], [122458000.0, 0.0032], [122459000.0, 0.0]]},
{"timestamp": "1743771210846", "bids": [[122441000.0, 0.0225], [122434000.0, 0.0078], [122430000.0, 0.0123], [122426000.0, 0.0254], [122425000.0, 0.0004], [122423000.0, 0.1099], [122416000.0, 0.0246], [122415000.0, 0.0036], [122410000.0, 0.0563], [122409000.0, 0.0]], "asks": [[122449000.0, 0.0049], [122451000.0, 0.0304], [122452000.0, 0.006], [122453000.0, 0.0038], [122454000.0, 0.0013], [122455000.0, 0.0], [122456000.0, 0.0043], [122457000.0, 0.004], [122458000.0, 0.0032], [122459000.0, 0.0]]},
{"timestamp": "1743771211355", "bids": [[122441000.0, 0.0207], [122437000.0, 0.0027], [122431000.0, 0.0253], [122430000.0, 0.0123], [122426000.0, 0.0254], [122425000.0, 0.0004], [122423000.0, 0.1099], [122420000.0, 0.0001], [122417000.0, 0.0772], [122415000.0, 0.0285]], "asks": [[122449000.0, 0.0049], [122451000.0, 0.0304], [122452000.0, 0.006], [122453000.0, 0.0038], [122454000.0, 0.0013], [122455000.0, 0.0], [122456000.0, 0.0043], [122457000.0, 0.004], [122458000.0, 0.0032], [122459000.0, 0.0]]},
{"timestamp": "1743771211845", "bids": [[122441000.0, 0.0207], [122437000.0, 0.0027], [122431000.0, 0.0253], [122430000.0, 0.0123], [122426000.0, 0.0254], [122425000.0, 0.0004], [122423000.0, 0.0329], [122420000.0, 0.0249], [122417000.0, 0.0002], [122415000.0, 0.06]], "asks": [[122449000.0, 0.0049], [122451000.0, 0.0304], [122452000.0, 0.006], [122453000.0, 0.0038], [122454000.0, 0.0013], [122455000.0, 0.0], [122456000.0, 0.0043], [122457000.0, 0.004], [122458000.0, 0.0032], [122459000.0, 0.0]]},
{"timestamp": "1743771212350", "bids": [[122441000.0, 0.0207], [122440000.0, 0.0006], [122437000.0, 0.0027], [122431000.0, 0.0253], [122430000.0, 0.0123], [122426000.0, 0.0254], [122425000.0, 0.0004], [122423000.0, 0.0329], [122420000.0, 0.025], [122417000.0, 0.0002]], "asks": [[122449000.0, 0.0049], [122451000.0, 0.0304], [122452000.0, 0.006], [122453000.0, 0.0038], [122454000.0, 0.0013], [122455000.0, 0.0], [122456000.0, 0.0043], [122457000.0, 0.004], [122458000.0, 0.0032], [122459000.0, 0.0]]},
{"timestamp": "1743771212847", "bids": [[122441000.0, 0.0207], [122440000.0, 0.0006], [122437000.0, 0.0027], [122431000.0, 0.0253], [122430000.0, 0.0123], [122426000.0, 0.0254], [122425000.0, 0.0004], [122423000.0, 0.0329], [122420000.0, 0.025], [122417000.0, 0.0002]], "asks": [[122449000.0, 0.0049], [122451000.0, 0.0304], [122452000.0, 0.006], [122453000.0, 0.0038], [122454000.0, 0.0013], [122455000.0, 0.0], [122456000.0, 0.0043], [122457000.0, 0.004], [122458000.0, 0.0032], [122459000.0, 0.0]]},
{"timestamp": "1743771213352", "bids": [[122441000.0, 0.0207], [122440000.0, 0.0006], [122437000.0, 0.0027], [122431000.0, 0.0253], [122430000.0, 0.0123], [122426000.0, 0.0254], [122425000.0, 0.0004], [122424000.0, 0.077], [122423000.0, 0.0329], [122420000.0, 0.025]], "asks": [[122449000.0, 0.0249], [122451000.0, 0.0304], [122452000.0, 0.006], [122453000.0, 0.0038], [122454000.0, 0.0013], [122455000.0, 0.0], [122456000.0, 0.0043], [122457000.0, 0.004], [122458000.0, 0.0032], [122459000.0, 0.0]]},
{"timestamp": "1743771213848", "bids": [[122441000.0, 0.0207], [122440000.0, 0.0006], [122437000.0, 0.0027], [122431000.0, 0.0253], [122430000.0, 0.0123], [122426000.0, 0.0254], [122425000.0, 0.0004], [122423000.0, 0.0329], [122420000.0, 0.025], [122417000.0, 0.0002]], "asks": [[122449000.0, 0.0249], [122451000.0, 0.0304], [122452000.0, 0.006], [122453000.0, 0.0038], [122454000.0, 0.0013], [122455000.0, 0.0], [122456000.0, 0.0043], [122457000.0, 0.004], [122458000.0, 0.0032], [122459000.0, 0.0]]},
{"timestamp": "1743771214346", "bids": [[122441000.0, 0.0207], [122440000.0, 0.0006], [122437000.0, 0.0027], [122431000.0, 0.0001], [122430000.0, 0.0123], [122426000.0, 0.0254], [122425000.0, 0.0004], [122424000.0, 0.077], [122423000.0, 0.0329], [122422000.0, 0.0362]], "asks": [[122449000.0, 0.0249], [122451000.0, 0.0304], [122452000.0, 0.006], [122453000.0, 0.0038], [122454000.0, 0.0013], [122455000.0, 0.0], [122456000.0, 0.0043], [122457000.0, 0.004], [122458000.0, 0.0032], [122459000.0, 0.0]]},
{"timestamp": "1743771214851", "bids": [[122446000.0, 0.0001], [122441000.0, 0.0207], [122440000.0, 0.0006], [122436000.0, 0.0001], [122430000.0, 0.0445], [122428000.0, 0.0445], [122427000.0, 0.0324], [122425000.0, 0.0004], [122422000.0, 0.0362], [122421000.0, 0.077]], "asks": [[122449000.0, 0.0249], [122451000.0, 0.0304], [122452000.0, 0.006], [122453000.0, 0.0038], [122454000.0, 0.0013], [122455000.0, 0.0], [122456000.0, 0.0043], [122457000.0, 0.004], [122458000.0, 0.0032], [122459000.0, 0.0]]},
{"timestamp": "1743771215350", "bids": [[122446000.0, 0.0001], [122442000.0, 0.0384], [122441000.0, 0.0207], [122440000.0, 0.0006], [122438000.0, 0.0313], [122436000.0, 0.0001], [122435000.0, 0.0002], [122430000.0, 0.0445], [122428000.0, 0.0445], [122427000.0, 0.0324]], "asks": [[122451000.0, 0.0], [122452000.0, 0.006], [122453000.0, 0.0038], [122454000.0, 0.0013], [122455000.0, 0.0], [122456000.0, 0.0043], [122457000.0, 0.004], [122458000.0, 0.0032], [122459000.0, 0.0], [122460000.0, 0.0033]]},
{"timestamp": "1743771215847", "bids": [[122450000.0, 0.0329], [122449000.0, 0.0078], [122445000.0, 0.0249], [122442000.0, 0.0191], [122441000.0, 0.021], [122440000.0, 0.0253], [122438000.0, 0.0565], [122436000.0, 0.0001], [122435000.0, 0.0002], [122434000.0, 0.024]], "asks": [[122452000.0, 0.0033], [122453000.0, 0.0038], [122454000.0, 0.0013], [122455000.0, 0.0], [122456000.0, 0.0043], [122457000.0, 0.004], [122458000.0, 0.0032], [122459000.0, 0.0], [122460000.0, 0.0033], [122462000.0, 0.0008]]},
{"timestamp": "1743771216346", "bids": [[122462000.0, 1.1436], [122459000.0, 0.0254], [122452000.0, 0.0007], [122450000.0, 0.0691], [122449000.0, 0.0078], [122447000.0, 0.0258], [122446000.0, 0.0002], [122445000.0, 0.0248], [122441000.0, 0.021], [122440000.0, 0.0253]], "asks": [[122463000.0, 0.0017], [122464000.0, 0.004], [122465000.0, 0.0002], [122466000.0, 0.0], [122468000.0, 0.0028], [122470000.0, 0.0], [122471000.0, 0.0032], [122472000.0, 0.0051], [122473000.0, 0.0001], [122474000.0, 0.0011]]},
{"timestamp": "1743771216847", "bids": [[122460000.0, 0.0446], [122459000.0, 0.0255], [122452000.0, 0.0561], [122450000.0, 0.0362], [122449000.0, 0.0078], [122448000.0, 0.0145], [122447000.0, 0.0258], [122446000.0, 0.0002], [122445000.0, 0.0248], [122443000.0, 0.0777]], "asks": [[122463000.0, 0.0015], [122464000.0, 0.004], [122465000.0, 0.0002], [122466000.0, 0.0], [122468000.0, 0.0028], [122470000.0, 0.0], [122471000.0, 0.0032], [122472000.0, 0.0051], [122473000.0, 0.0001], [122474000.0, 0.0011]]},
{"timestamp": "1743771217345", "bids": [[122462000.0, 0.0252], [122460000.0, 0.0001], [122459000.0, 0.0254], [122456000.0, 0.0261], [122455000.0, 0.0315], [122452000.0, 0.0561], [122450000.0, 0.0619], [122447000.0, 0.0258], [122444000.0, 0.0002], [122443000.0, 0.0777]], "asks": [[122463000.0, 0.0015], [122464000.0, 0.004], [122465000.0, 0.0002], [122466000.0, 0.0], [122468000.0, 0.0028], [122470000.0, 0.0], [122471000.0, 0.0032], [122472000.0, 0.0051], [122473000.0, 0.0001], [122474000.0, 0.0011]]},
{"timestamp": "1743771217853", "bids": [[122462000.0, 0.0252], [122460000.0, 0.0001], [122459000.0, 0.0254], [122458000.0, 0.0322], [122456000.0, 0.059], [122455000.0, 0.0636], [122452000.0, 0.0561], [122451000.0, 0.0248], [122450000.0, 0.0619], [122448000.0, 0.0004]], "asks": [[122463000.0, 0.0015], [122464000.0, 0.004], [122465000.0, 0.0002], [122466000.0, 0.0], [122468000.0, 0.0028], [122470000.0, 0.0], [122471000.0, 0.0032], [122472000.0, 0.0051], [122473000.0, 0.0001], [122474000.0, 0.0011]]},
{"timestamp": "1743771218349", "bids": [[122462000.0, 0.0228], [122459000.0, 0.0254], [122458000.0, 0.0322], [122456000.0, 0.059], [122455000.0, 0.0323], [122452000.0, 0.0561], [122451000.0, 0.0248], [122448000.0, 0.0004], [122446000.0, 0.0249], [122445000.0, 0.0001]], "asks": [[122463000.0, 0.0015], [122464000.0, 0.004], [122465000.0, 0.0002], [122466000.0, 0.0], [122468000.0, 0.0028], [122470000.0, 0.0], [122471000.0, 0.0032], [122472000.0, 0.0051], [122473000.0, 0.0001], [122474000.0, 0.0011]]},
{"timestamp": "1743771218852", "bids": [[122459000.0, 0.0254], [122451000.0, 0.0248], [122450000.0, 0.0445], [122446000.0, 0.0001], [122445000.0, 0.0001], [122444000.0, 0.0362], [122440000.0, 0.0006], [122438000.0, 0.0145], [122434000.0, 0.024], [122430000.0, 0.0123]], "asks": [[122463000.0, 0.0015], [122464000.0, 0.004], [122465000.0, 0.0002], [122466000.0, 0.0], [122468000.0, 0.0028], [122470000.0, 0.0], [122471000.0, 0.0032], [122472000.0, 0.0051], [122473000.0, 0.0001], [122474000.0, 0.0011]]},
{"timestamp": "1743771219609", "bids": [[122450000.0, 0.0654], [122445000.0, 0.025], [122441000.0, 0.0257], [122440000.0, 0.057], [122438000.0, 0.0002], [122430000.0, 0.0123], [122425000.0, 0.0004], [122415000.0, 0.0036], [122409000.0, 0.0], [122407000.0, 0.0]], "asks": [[122463000.0, 0.0014], [122464000.0, 0.004], [122465000.0, 0.0002], [122466000.0, 0.0], [122468000.0, 0.0028], [122470000.0, 0.0], [122471000.0, 0.0032], [122472000.0, 0.0051], [122473000.0, 0.0001], [122474000.0, 0.0011]]},
{"timestamp": "1743771219849", "bids": [[122445000.0, 0.025], [122441000.0, 0.0257], [122440000.0, 0.057], [122438000.0, 0.0258], [122430000.0, 0.0123], [122429000.0, 0.0252], [122425000.0, 0.0004], [122415000.0, 0.0036], [122409000.0, 0.0], [122407000.0, 0.0]], "asks": [[122463000.0, 0.0014], [122464000.0, 0.004], [122465000.0, 0.0002], [122466000.0, 0.0], [122468000.0, 0.0028], [122470000.0, 0.0], [122471000.0, 0.0032], [122472000.0, 0.0051], [122473000.0, 0.0001], [122474000.0, 0.0011]]},
{"timestamp": "1743771220350", "bids": [[122453000.0, 0.0228], [122451000.0, 0.0254], [122447000.0, 0.0322], [122446000.0, 0.0323], [122445000.0, 0.0001], [122440000.0, 0.0319], [122438000.0, 0.0522], [122435000.0, 0.0918], [122430000.0, 0.0123], [122429000.0, 0.0252]], "asks": [[122463000.0, 0.0014], [122464000.0, 0.004], [122465000.0, 0.0002], [122466000.0, 0.0], [122468000.0, 0.0028], [122470000.0, 0.0], [122471000.0, 0.0032], [122472000.0, 0.0051], [122473000.0, 0.0001], [122474000.0, 0.0011]]},
{"timestamp": "1743771220849", "bids": [[122453000.0, 0.0228], [122451000.0, 0.0254], [122447000.0, 0.0322], [122446000.0, 0.0323], [122440000.0, 0.0006], [122439000.0, 0.0445], [122438000.0, 0.0523], [122435000.0, 0.0358], [122432000.0, 0.0362], [122430000.0, 0.0124]], "asks": [[122462000.0, 0.1583], [122463000.0, 0.0014], [122464000.0, 0.004], [122465000.0, 0.0002], [122466000.0, 0.0], [122468000.0, 0.0028], [122470000.0, 0.0], [122471000.0, 0.0032], [122472000.0, 0.0051], [122473000.0, 0.0001]]},
{"timestamp": "1743771221345", "bids": [[122451000.0, 0.0254], [122447000.0, 0.0322], [122440000.0, 0.0006], [122439000.0, 0.0654], [122438000.0, 0.0001], [122430000.0, 0.0381], [122425000.0, 0.0004], [122424000.0, 0.025], [122420000.0, 0.0248], [122415000.0, 0.0036]], "asks": [[122462000.0, 0.1583], [122463000.0, 0.0014], [122464000.0, 0.004], [122465000.0, 0.0002], [122466000.0, 0.0], [122468000.0, 0.0028], [122470000.0, 0.0], [122471000.0, 0.0032], [122472000.0, 0.0051], [122473000.0, 0.0001]]},
{"timestamp": "1743771221848", "bids": [[122440000.0, 0.0006], [122439000.0, 0.0654], [122430000.0, 0.0381], [122425000.0, 0.0004], [122424000.0, 0.025], [122420000.0, 0.0248], [122419000.0, 0.0316], [122415000.0, 0.0036], [122409000.0, 0.0], [122407000.0, 0.0]], "asks": [[122463000.0, 0.0014], [122464000.0, 0.004], [122465000.0, 0.0002], [122466000.0, 0.0], [122468000.0, 0.0028], [122470000.0, 0.0], [122471000.0, 0.0032], [122472000.0, 0.0051], [122473000.0, 0.0001], [122474000.0, 0.0011]]},
{"timestamp": "1743771222347", "bids": [[122440000.0, 0.0006], [122439000.0, 0.0654], [122430000.0, 0.0381], [122425000.0, 0.0004], [122424000.0, 0.025], [122420000.0, 0.0248], [122419000.0, 0.0316], [122415000.0, 0.0036], [122409000.0, 0.0], [122407000.0, 0.0]], "asks": [[122463000.0, 0.0014], [122464000.0, 0.004], [122465000.0, 0.0002], [122466000.0, 0.0], [122468000.0, 0.0028], [122470000.0, 0.0], [122471000.0, 0.0032], [122472000.0, 0.0051], [122473000.0, 0.0001], [122474000.0, 0.0011]]},
{"timestamp": "1743771222847", "bids": [[122441000.0, 0.0078], [122440000.0, 0.0006], [122430000.0, 0.038], [122429000.0, 0.0362], [122426000.0, 0.0258], [122425000.0, 0.0781], [122420000.0, 0.0248], [122419000.0, 0.0435], [122415000.0, 0.0036], [122409000.0, 0.0]], "asks": [[122463000.0, 0.0014], [122464000.0, 0.004], [122465000.0, 0.0002], [122466000.0, 0.0], [122468000.0, 0.0028], [122470000.0, 0.0], [122471000.0, 0.0032], [122472000.0, 0.0051], [122473000.0, 0.0001], [122474000.0, 0.0011]]},
{"timestamp": "1743771223345", "bids": [[122441000.0, 0.0426], [122440000.0, 0.0329], [122438000.0, 0.0254], [122437000.0, 0.0322], [122434000.0, 0.0001], [122430000.0, 0.0123], [122429000.0, 0.0362], [122428000.0, 0.0708], [122426000.0, 0.0258], [122425000.0, 0.0781]], "asks": [[122463000.0, 0.0014], [122464000.0, 0.004], [122465000.0, 0.0002], [122466000.0, 0.0], [122468000.0, 0.0028], [122470000.0, 0.0], [122471000.0, 0.0032], [122472000.0, 0.0051], [122473000.0, 0.0001], [122474000.0, 0.0011]]},
{"timestamp": "1743771223849", "bids": [[122463000.0, 0.001], [122445000.0, 0.025], [122442000.0, 0.0103], [122441000.0, 0.0228], [122440000.0, 0.0329], [122438000.0, 0.0254], [122437000.0, 0.0322], [122434000.0, 0.0003], [122432000.0, 0.0001], [122431000.0, 0.0777]], "asks": [[122464000.0, 0.004], [122465000.0, 0.0002], [122466000.0, 0.0], [122468000.0, 0.0028], [122470000.0, 0.0], [122471000.0, 0.0032], [122472000.0, 0.0051], [122473000.0, 0.0001], [122474000.0, 0.0011], [122475000.0, 0.0001]]},
{"timestamp": "1743771224344", "bids": [[122463000.0, 0.001], [122452000.0, 0.0248], [122450000.0, 0.0329], [122445000.0, 0.0475], [122444000.0, 0.0325], [122442000.0, 0.0295], [122441000.0, 0.0228], [122440000.0, 0.0006], [122438000.0, 0.0254], [122434000.0, 0.0002]], "asks": [[122464000.0, 0.004], [122465000.0, 0.0002], [122466000.0, 0.0], [122468000.0, 0.0028], [122470000.0, 0.0], [122471000.0, 0.0032], [122472000.0, 0.0051], [122473000.0, 0.0001], [122474000.0, 0.0011], [122475000.0, 0.0001]]},
{"timestamp": "1743771224851", "bids": [[122477000.0, 1.1222], [122465000.0, 0.0001], [122464000.0, 0.0312], [122463000.0, 0.0024], [122452000.0, 0.0248], [122450000.0, 0.0329], [122446000.0, 0.0129], [122445000.0, 0.0225], [122444000.0, 0.0325], [122442000.0, 0.1089]], "asks": [[122479000.0, 0.0014], [122480000.0, 0.001], [122482000.0, 0.0006], [122484000.0, 0.0031], [122485000.0, 0.0004], [122486000.0, 0.0043], [122487000.0, 0.0004], [122488000.0, 0.0016], [122489000.0, 0.0001], [122490000.0, 0.0008]]},
{"timestamp": "1743771225351", "bids": [[122484000.0, 0.029], [122482000.0, 0.0088], [122481000.0, 0.0323], [122477000.0, 1.1224], [122476000.0, 0.0362], [122472000.0, 0.0258], [122470000.0, 0.1064], [122465000.0, 0.0003], [122464000.0, 0.0579], [122463000.0, 0.0081]], "asks": [[122497000.0, 0.0064], [122498000.0, 0.0011], [122499000.0, 0.0183], [122500000.0, 0.0198], [122502000.0, 0.0], [122503000.0, 0.0028], [122504000.0, 0.001], [122505000.0, 0.0094], [122506000.0, 0.0167], [122507000.0, 0.0053]]},
{"timestamp": "1743771225855", "bids": [[122495000.0, 0.0204], [122493000.0, 0.0253], [122485000.0, 0.025], [122484000.0, 0.029], [122482000.0, 0.0088], [122481000.0, 0.0585], [122479000.0, 0.0002], [122478000.0, 0.088], [122477000.0, 0.0002], [122476000.0, 0.0362]], "asks": [[122497000.0, 0.0064], [122498000.0, 0.0011], [122499000.0, 0.0183], [122500000.0, 0.0198], [122502000.0, 0.0], [122503000.0, 0.0028], [122504000.0, 0.001], [122505000.0, 0.0094], [122506000.0, 0.0167], [122507000.0, 0.0053]]},
{"timestamp": "1743771226345", "bids": [[122495000.0, 0.0204], [122493000.0, 0.0253], [122485000.0, 0.025], [122484000.0, 0.029], [122482000.0, 0.0088], [122481000.0, 0.0585], [122479000.0, 0.0249], [122478000.0, 0.088], [122477000.0, 0.0002], [122476000.0, 0.0362]], "asks": [[122497000.0, 0.0064], [122498000.0, 0.0011], [122499000.0, 0.0183], [122500000.0, 0.0198], [122502000.0, 0.0], [122503000.0, 0.0028], [122504000.0, 0.001], [122505000.0, 0.0094], [122506000.0, 0.0167], [122507000.0, 0.0053]]},
{"timestamp": "1743771226860", "bids": [[122495000.0, 0.0204], [122493000.0, 0.0253], [122485000.0, 0.025], [122484000.0, 0.029], [122482000.0, 0.0088], [122481000.0, 0.0585], [122479000.0, 0.0524], [122478000.0, 0.0103], [122477000.0, 0.0002], [122476000.0, 0.0362]], "asks": [[122497000.0, 0.0064], [122498000.0, 0.0011], [122499000.0, 0.0183], [122500000.0, 0.0198], [122502000.0, 0.0], [122503000.0, 0.0028], [122504000.0, 0.001], [122505000.0, 0.0094], [122506000.0, 0.0167], [122507000.0, 0.0053]]},
{"timestamp": "1743771227349", "bids": [[122495000.0, 0.0203], [122493000.0, 0.0253], [122485000.0, 0.025], [122484000.0, 0.029], [122482000.0, 0.0088], [122481000.0, 0.0585], [122479000.0, 0.0524], [122477000.0, 0.0002], [122476000.0, 0.0362], [122472000.0, 0.0258]], "asks": [[122497000.0, 0.0064], [122498000.0, 0.0011], [122499000.0, 0.0183], [122500000.0, 0.0198], [122502000.0, 0.0], [122503000.0, 0.0028], [122504000.0, 0.001], [122505000.0, 0.0094], [122506000.0, 0.0167], [122507000.0, 0.0053]]},
{"timestamp": "1743771227846", "bids": [[122484000.0, 0.029], [122483000.0, 0.0325], [122482000.0, 0.0088], [122481000.0, 0.0323], [122479000.0, 0.0249], [122476000.0, 0.0362], [122470000.0, 0.1064], [122464000.0, 0.0252], [122453000.0, 0.0122], [122440000.0, 0.0231]], "asks": [[122497000.0, 0.0063], [122498000.0, 0.0011], [122499000.0, 0.0183], [122500000.0, 0.0198], [122502000.0, 0.0], [122503000.0, 0.0028], [122504000.0, 0.001], [122505000.0, 0.0094], [122506000.0, 0.0167], [122507000.0, 0.0053]]},
{"timestamp": "1743771228397", "bids": [[122486000.0, 0.0001], [122484000.0, 0.0619], [122483000.0, 0.0325], [122482000.0, 0.0088], [122481000.0, 0.0323], [122478000.0, 0.025], [122476000.0, 0.0362], [122474000.0, 0.0259], [122473000.0, 0.0275], [122470000.0, 0.1064]], "asks": [[122497000.0, 0.0063], [122498000.0, 0.0011], [122499000.0, 0.0183], [122500000.0, 0.0198], [122502000.0, 0.0], [122503000.0, 0.0028], [122504000.0, 0.001], [122505000.0, 0.0094], [122506000.0, 0.0167], [122507000.0, 0.0053]]},
{"timestamp": "1743771228848", "bids": [[122486000.0, 0.0001], [122484000.0, 0.029], [122482000.0, 0.0088], [122478000.0, 0.025], [122473000.0, 0.0273], [122453000.0, 0.0122], [122445000.0, 0.0225], [122440000.0, 0.0006], [122434000.0, 0.0118], [122430000.0, 0.0123]], "asks": [[122497000.0, 0.0063], [122498000.0, 0.0011], [122499000.0, 0.0183], [122500000.0, 0.0198], [122502000.0, 0.0], [122503000.0, 0.0028], [122504000.0, 0.001], [122505000.0, 0.0094], [122506000.0, 0.0167], [122507000.0, 0.0053]]},
{"timestamp": "1743771229351", "bids": [[122487000.0, 0.0078], [122486000.0, 0.0204], [122471000.0, 0.052], [122470000.0, 0.0248], [122467000.0, 0.0002], [122463000.0, 0.0118], [122453000.0, 0.0122], [122445000.0, 0.0225], [122440000.0, 0.0006], [122430000.0, 0.0123]], "asks": [[122497000.0, 0.0063], [122498000.0, 0.0011], [122499000.0, 0.0183], [122500000.0, 0.0198], [122502000.0, 0.0], [122503000.0, 0.0028], [122504000.0, 0.001], [122505000.0, 0.0094], [122506000.0, 0.0167], [122507000.0, 0.0053]]},
{"timestamp": "1743771229853", "bids": [[122487000.0, 0.0076], [122483000.0, 0.0341], [122476000.0, 0.0362], [122471000.0, 0.0262], [122470000.0, 0.0953], [122469000.0, 0.0002], [122467000.0, 0.0002], [122464000.0, 0.0252], [122463000.0, 0.0118], [122454000.0, 0.0772]], "asks": [[122497000.0, 0.0063], [122498000.0, 0.0011], [122499000.0, 0.0183], [122500000.0, 0.0198], [122502000.0, 0.0], [122503000.0, 0.0028], [122504000.0, 0.001], [122505000.0, 0.0094], [122506000.0, 0.0167], [122507000.0, 0.0053]]},
{"timestamp": "1743771230345", "bids": [[122486000.0, 0.0291], [122483000.0, 0.0995], [122482000.0, 0.0323], [122479000.0, 0.025], [122476000.0, 0.0362], [122474000.0, 0.0261], [122471000.0, 0.0262], [122470000.0, 0.1063], [122469000.0, 0.0002], [122464000.0, 0.1024]], "asks": [[122497000.0, 0.0063], [122498000.0, 0.0011], [122499000.0, 0.0183], [122500000.0, 0.0198], [122502000.0, 0.0], [122503000.0, 0.0028], [122504000.0, 0.001], [122505000.0, 0.0094], [122506000.0, 0.0167], [122507000.0, 0.0053]]},
{"timestamp": "1743771230851", "bids": [[122490000.0, 0.0204], [122488000.0, 0.0064], [122486000.0, 0.0291], [122483000.0, 0.0907], [122482000.0, 0.0323], [122481000.0, 0.0258], [122479000.0, 0.0523], [122474000.0, 0.0261], [122472000.0, 0.0001], [122470000.0, 0.0358]], "asks": [[122497000.0, 0.0063], [122498000.0, 0.0011], [122499000.0, 0.0183], [122500000.0, 0.0198], [122502000.0, 0.0], [122503000.0, 0.0028], [122504000.0, 0.001], [122505000.0, 0.0094], [122506000.0, 0.0167], [122507000.0, 0.0053]]},
{"timestamp": "1743771231349", "bids": [[122490000.0, 0.0204], [122488000.0, 0.0001], [122487000.0, 0.0261], [122486000.0, 0.0247], [122481000.0, 0.0258], [122479000.0, 0.0637], [122476000.0, 0.0001], [122472000.0, 0.0001], [122467000.0, 0.0252], [122463000.0, 0.0118]], "asks": [[122493000.0, 0.5749], [122497000.0, 0.0063], [122498000.0, 0.0011], [122499000.0, 0.0183], [122500000.0, 0.0198], [122502000.0, 0.0], [122503000.0, 0.0028], [122504000.0, 0.001], [122505000.0, 0.0094], [122506000.0, 0.0167]]},
{"timestamp": "1743771231852", "bids": [[122490000.0, 0.0204], [122488000.0, 0.0001], [122487000.0, 0.0261], [122486000.0, 0.0417], [122479000.0, 0.0364], [122476000.0, 0.0001], [122473000.0, 0.0559], [122467000.0, 0.0252], [122440000.0, 0.0231], [122431000.0, 0.0183]], "asks": [[122493000.0, 0.5749], [122497000.0, 0.0063], [122498000.0, 0.0011], [122499000.0, 0.0183], [122500000.0, 0.0198], [122502000.0, 0.0], [122503000.0, 0.0028], [122504000.0, 0.001], [122505000.0, 0.0094], [122506000.0, 0.0167]]},
{"timestamp": "1743771232353", "bids": [[122488000.0, 0.0252], [122486000.0, 0.0417], [122479000.0, 0.0364], [122477000.0, 0.0003], [122473000.0, 0.0559], [122472000.0, 0.0436], [122471000.0, 0.0325], [122470000.0, 0.0323], [122467000.0, 0.0252], [122466000.0, 0.025]], "asks": [[122492000.0, 0.1102], [122493000.0, 0.5749], [122497000.0, 0.0063], [122498000.0, 0.0011], [122499000.0, 0.0183], [122500000.0, 0.0198], [122502000.0, 0.0], [122503000.0, 0.0028], [122504000.0, 0.001], [122505000.0, 0.0094]]},
{"timestamp": "1743771232851", "bids": [[122488000.0, 0.0252], [122477000.0, 0.0003], [122472000.0, 0.0291], [122471000.0, 0.0325], [122470000.0, 0.0323], [122463000.0, 0.0], [122462000.0, 0.0257], [122461000.0, 0.0247], [122460000.0, 0.0258], [122440000.0, 0.0006]], "asks": [[122492000.0, 0.1583], [122493000.0, 0.5749], [122497000.0, 0.0063], [122498000.0, 0.0011], [122499000.0, 0.0183], [122500000.0, 0.0198], [122502000.0, 0.0], [122503000.0, 0.0028], [122504000.0, 0.001], [122505000.0, 0.0094]]},
{"timestamp": "1743771233351", "bids": [[122488000.0, 0.022], [122475000.0, 0.0204], [122474000.0, 0.0001], [122463000.0, 0.0], [122461000.0, 0.0247], [122460000.0, 0.0258], [122456000.0, 0.0001], [122455000.0, 0.0261], [122454000.0, 0.0275], [122442000.0, 0.0225]], "asks": [[122493000.0, 0.5749], [122497000.0, 0.0063], [122498000.0, 0.0011], [122499000.0, 0.0183], [122500000.0, 0.0198], [122502000.0, 0.0], [122503000.0, 0.0028], [122504000.0, 0.001], [122505000.0, 0.0094], [122506000.0, 0.0167]]},
{"timestamp": "1743771233854", "bids": [[122475000.0, 0.0204], [122474000.0, 0.0001], [122467000.0, 0.0001], [122464000.0, 0.0329], [122463000.0, 0.0], [122460000.0, 0.0258], [122459000.0, 0.025], [122456000.0, 0.0001], [122455000.0, 0.0261], [122454000.0, 0.0523]], "asks": [[122493000.0, 0.5749], [122497000.0, 0.0063], [122498000.0, 0.0011], [122499000.0, 0.0183], [122500000.0, 0.0198], [122502000.0, 0.0], [122503000.0, 0.0028], [122504000.0, 0.001], [122505000.0, 0.0094], [122506000.0, 0.0167]]},
{"timestamp": "1743771234351", "bids": [[122475000.0, 0.0204], [122474000.0, 0.0001], [122467000.0, 0.0001], [122464000.0, 0.0329], [122463000.0, 0.0], [122460000.0, 0.0258], [122459000.0, 0.025], [122456000.0, 0.0001], [122455000.0, 0.0261], [122454000.0, 0.0524]], "asks": [[122493000.0, 0.5749], [122497000.0, 0.0063], [122498000.0, 0.0011], [122499000.0, 0.0183], [122500000.0, 0.0198], [122502000.0, 0.0], [122503000.0, 0.0028], [122504000.0, 0.001], [122505000.0, 0.0094], [122506000.0, 0.0167]]},
{"timestamp": "1743771235049", "bids": [[122476000.0, 0.0078], [122475000.0, 0.0204], [122474000.0, 0.0001], [122467000.0, 0.0001], [122464000.0, 0.0329], [122463000.0, 0.0], [122461000.0, 0.0772], [122460000.0, 0.0258], [122456000.0, 0.0001], [122455000.0, 0.0261]], "asks": [[122493000.0, 0.5749], [122497000.0, 0.0063], [122498000.0, 0.0011], [122499000.0, 0.0183], [122500000.0, 0.0398], [122502000.0, 0.0], [122503000.0, 0.0028], [122504000.0, 0.001], [122505000.0, 0.0094], [122506000.0, 0.0167]]},
{"timestamp": "1743771235357", "bids": [[122476000.0, 0.0078], [122475000.0, 0.0204], [122474000.0, 0.0001], [122463000.0, 0.0], [122461000.0, 0.0772], [122460000.0, 0.0258], [122456000.0, 0.0001], [122455000.0, 0.0406], [122454000.0, 0.0524], [122446000.0, 0.0036]], "asks": [[122493000.0, 0.5749], [122497000.0, 0.0063], [122498000.0, 0.0011], [122499000.0, 0.0183], [122500000.0, 0.0398], [122502000.0, 0.0], [122503000.0, 0.0028], [122504000.0, 0.001], [122505000.0, 0.0094], [122506000.0, 0.0167]]},
{"timestamp": "1743771235852", "bids": [[122476000.0, 0.0068], [122475000.0, 0.0204], [122469000.0, 0.0291], [122468000.0, 0.0742], [122467000.0, 0.0323], [122463000.0, 0.025], [122462000.0, 0.0362], [122461000.0, 0.0772], [122460000.0, 0.0258], [122459000.0, 0.0257]], "asks": [[122493000.0, 0.5749], [122497000.0, 0.0063], [122498000.0, 0.0011], [122499000.0, 0.0183], [122500000.0, 0.0398], [122502000.0, 0.0], [122503000.0, 0.0028], [122504000.0, 0.001], [122505000.0, 0.0094], [122506000.0, 0.0167]]},
{"timestamp": "1743771236350", "bids": [[122475000.0, 0.0204], [122471000.0, 0.0221], [122469000.0, 0.0291], [122468000.0, 0.0742], [122467000.0, 0.0323], [122463000.0, 0.025], [122460000.0, 0.0258], [122459000.0, 0.0261], [122458000.0, 0.0001], [122456000.0, 0.0001]], "asks": [[122492000.0, 0.155], [122493000.0, 0.5749], [122497000.0, 0.0063], [122498000.0, 0.0011], [122499000.0, 0.0183], [122500000.0, 0.0398], [122502000.0, 0.0], [122503000.0, 0.0028], [122504000.0, 0.001], [122505000.0, 0.0094]]},
{"timestamp": "1743771236855", "bids": [[122471000.0, 0.0221], [122469000.0, 0.0291], [122468000.0, 0.0329], [122463000.0, 0.0], [122459000.0, 0.0004], [122458000.0, 0.0001], [122446000.0, 0.0036], [122444000.0, 0.0], [122440000.0, 0.0254], [122430000.0, 0.0115]], "asks": [[122492000.0, 0.1583], [122493000.0, 0.5749], [122497000.0, 0.0063], [122498000.0, 0.0011], [122499000.0, 0.0183], [122500000.0, 0.0398], [122502000.0, 0.0], [122503000.0, 0.0028], [122504000.0, 0.001], [122505000.0, 0.0094]]},
{"timestamp": "1743771237356", "bids": [[122455000.0, 0.0252], [122454000.0, 0.0001], [122449000.0, 0.0558], [122446000.0, 0.0036], [122444000.0, 0.0], [122440000.0, 0.0254], [122430000.0, 0.0115], [122425000.0, 0.0004], [122423000.0, 0.0362], [122421000.0, 0.0001]], "asks": [[122474000.0, 0.7538], [122491000.0, 0.0003], [122492000.0, 0.0032], [122493000.0, 0.5749], [122497000.0, 0.0063], [122498000.0, 0.0011], [122499000.0, 0.0183], [122500000.0, 0.0398], [122502000.0, 0.0], [122503000.0, 0.0028]]},
{"timestamp": "1743771237851", "bids": [[122455000.0, 0.0252], [122454000.0, 0.0001], [122449000.0, 0.0558], [122446000.0, 0.0036], [122444000.0, 0.0], [122440000.0, 0.0254], [122430000.0, 0.0115], [122429000.0, 0.0413], [122428000.0, 0.0323], [122425000.0, 0.0004]], "asks": [[122474000.0, 0.7538], [122491000.0, 0.0003], [122493000.0, 0.5749], [122497000.0, 0.0063], [122498000.0, 0.0011], [122499000.0, 0.0183], [122500000.0, 0.0398], [122502000.0, 0.0], [122503000.0, 0.0028], [122504000.0, 0.001]]},
{"timestamp": "1743771238355", "bids": [[122455000.0, 0.0252], [122454000.0, 0.0001], [122449000.0, 0.0558], [122446000.0, 0.0036], [122444000.0, 0.0], [122440000.0, 0.0006], [122433000.0, 0.0221], [122430000.0, 0.0115], [122429000.0, 0.0413], [122428000.0, 0.0323]], "asks": [[122493000.0, 0.5749], [122497000.0, 0.0063], [122498000.0, 0.0011], [122499000.0, 0.0183], [122500000.0, 0.0398], [122502000.0, 0.0], [122503000.0, 0.0028], [122504000.0, 0.001], [122505000.0, 0.0094], [122506000.0, 0.0167]]},
{"timestamp": "1743771238853", "bids": [[122455000.0, 0.0252], [122454000.0, 0.0001], [122449000.0, 0.0558], [122446000.0, 0.0036], [122444000.0, 0.0], [122440000.0, 0.0006], [122431000.0, 0.0772], [122430000.0, 0.0115], [122425000.0, 0.0004], [122424000.0, 0.025]], "asks": [[122493000.0, 0.5749], [122497000.0, 0.0063], [122498000.0, 0.0011], [122499000.0, 0.0183], [122500000.0, 0.0398], [122502000.0, 0.0], [122503000.0, 0.0028], [122504000.0, 0.001], [122505000.0, 0.0094], [122506000.0, 0.0167]]},
{"timestamp": "1743771239353", "bids": [[122446000.0, 0.0036], [122444000.0, 0.0], [122440000.0, 0.0006], [122437000.0, 0.0204], [122434000.0, 0.0772], [122433000.0, 0.0653], [122431000.0, 0.0587], [122430000.0, 0.0363], [122425000.0, 0.0004], [122419000.0, 0.0504]], "asks": [[122493000.0, 0.5749], [122497000.0, 0.0063], [122498000.0, 0.0011], [122499000.0, 0.0183], [122500000.0, 0.0398], [122502000.0, 0.0], [122503000.0, 0.0028], [122504000.0, 0.001], [122505000.0, 0.0094], [122506000.0, 0.0167]]},
{"timestamp": "1743771239856", "bids": [[122446000.0, 0.0036], [122444000.0, 0.0], [122440000.0, 0.0419], [122439000.0, 0.0323], [122437000.0, 0.0204], [122435000.0, 0.0471], [122433000.0, 0.0653], [122431000.0, 0.1616], [122430000.0, 0.0638], [122427000.0, 0.0558]], "asks": [[122493000.0, 0.5749], [122497000.0, 0.0063], [122498000.0, 0.0011], [122499000.0, 0.0183], [122500000.0, 0.0398], [122502000.0, 0.0], [122503000.0, 0.0028], [122504000.0, 0.001], [122505000.0, 0.0094], [122506000.0, 0.0167]]},
{"timestamp": "1743771240362", "bids": [[122447000.0, 0.0331], [122446000.0, 0.0036], [122444000.0, 0.0], [122443000.0, 0.0001], [122440000.0, 0.0556], [122439000.0, 0.0323], [122437000.0, 0.0204], [122435000.0, 0.0471], [122433000.0, 0.0291], [122431000.0, 0.1358]], "asks": [[122493000.0, 0.5749], [122497000.0, 0.0063], [122498000.0, 0.0011], [122499000.0, 0.0183], [122500000.0, 0.0398], [122502000.0, 0.0], [122503000.0, 0.0028], [122504000.0, 0.001], [122505000.0, 0.0094], [122506000.0, 0.0167]]},
{"timestamp": "1743771240853", "bids": [[122447000.0, 0.0344], [122446000.0, 0.0036], [122444000.0, 0.0], [122440000.0, 0.0231], [122436000.0, 0.0772], [122435000.0, 0.0221], [122433000.0, 0.0291], [122431000.0, 0.1358], [122430000.0, 0.0388], [122425000.0, 0.0004]], "asks": [[122493000.0, 0.5749], [122497000.0, 0.0063], [122498000.0, 0.0011], [122499000.0, 0.0183], [122500000.0, 0.0398], [122502000.0, 0.0], [122503000.0, 0.0028], [122504000.0, 0.001], [122505000.0, 0.0094], [122506000.0, 0.0167]]},
{"timestamp": "1743771241353", "bids": [[122479000.0, 0.0204], [122473000.0, 0.0088], [122467000.0, 0.0362], [122465000.0, 0.0258], [122464000.0, 0.0002], [122461000.0, 0.106], [122455000.0, 0.0252], [122446000.0, 0.0036], [122444000.0, 0.0], [122440000.0, 0.0006]], "asks": [[122493000.0, 0.5749], [122497000.0, 0.0063], [122498000.0, 0.0011], [122499000.0, 0.0183], [122500000.0, 0.0398], [122502000.0, 0.0], [122503000.0, 0.0028], [122504000.0, 0.001], [122505000.0, 0.0094], [122506000.0, 0.0167]]},
{"timestamp": "1743771241858", "bids": [[122479000.0, 0.0204], [122477000.0, 0.0001], [122469000.0, 0.025], [122467000.0, 0.0362], [122464000.0, 0.0002], [122463000.0, 0.0248], [122461000.0, 0.0915], [122455000.0, 0.0252], [122446000.0, 0.0036], [122444000.0, 0.0]], "asks": [[122492000.0, 0.1163], [122497000.0, 0.0063], [122498000.0, 0.0011], [122499000.0, 0.0183], [122500000.0, 0.0398], [122502000.0, 0.0], [122503000.0, 0.0028], [122504000.0, 0.001], [122505000.0, 0.0094], [122506000.0, 0.0167]]},
{"timestamp": "1743771242360", "bids": [[122479000.0, 0.0204], [122477000.0, 0.0001], [122469000.0, 0.025], [122467000.0, 0.0291], [122465000.0, 0.0329], [122464000.0, 0.0323], [122463000.0, 0.0248], [122461000.0, 0.0915], [122457000.0, 0.0257], [122453000.0, 0.0005]], "asks": [[122492000.0, 0.16], [122497000.0, 0.0063], [122498000.0, 0.0011], [122499000.0, 0.0183], [122500000.0, 0.0398], [122502000.0, 0.0], [122503000.0, 0.0028], [122504000.0, 0.001], [122505000.0, 0.0094], [122506000.0, 0.0167]]},
{"timestamp": "1743771242855", "bids": [[122467000.0, 0.0291], [122465000.0, 0.0654], [122464000.0, 0.0323], [122463000.0, 0.0247], [122457000.0, 0.0257], [122456000.0, 0.0088], [122453000.0, 0.0005], [122447000.0, 0.0258], [122446000.0, 0.0309], [122444000.0, 0.0]], "asks": [[122492000.0, 0.0328], [122497000.0, 0.0063], [122498000.0, 0.0011], [122499000.0, 0.0183], [122500000.0, 0.0398], [122502000.0, 0.0], [122503000.0, 0.0028], [122504000.0, 0.001], [122505000.0, 0.0094], [122506000.0, 0.0167]]},
{"timestamp": "1743771243354", "bids": [[122467000.0, 0.0291], [122465000.0, 0.0654], [122464000.0, 0.0323], [122460000.0, 0.0221], [122457000.0, 0.0257], [122453000.0, 0.0005], [122451000.0, 0.025], [122447000.0, 0.0253], [122446000.0, 0.0311], [122444000.0, 0.0]], "asks": [[122491000.0, 0.0006], [122497000.0, 0.0063], [122498000.0, 0.0011], [122499000.0, 0.0183], [122500000.0, 0.0398], [122502000.0, 0.0], [122503000.0, 0.0028], [122504000.0, 0.001], [122505000.0, 0.0094], [122506000.0, 0.0167]]},
{"timestamp": "1743771243853", "bids": [[122451000.0, 0.025], [122447000.0, 0.0615], [122446000.0, 0.0311], [122444000.0, 0.0], [122441000.0, 0.0358], [122440000.0, 0.0006], [122435000.0, 0.0252], [122431000.0, 0.0247], [122430000.0, 0.0115], [122425000.0, 0.0004]], "asks": [[122491000.0, 0.0006], [122497000.0, 0.0063], [122498000.0, 0.0011], [122499000.0, 0.0183], [122500000.0, 0.0398], [122502000.0, 0.0], [122503000.0, 0.0028], [122504000.0, 0.001], [122505000.0, 0.0094], [122506000.0, 0.0167]]},
{"timestamp": "1743771244355", "bids": [[122459000.0, 0.0204], [122457000.0, 0.0001], [122454000.0, 0.0413], [122447000.0, 0.0615], [122446000.0, 0.0568], [122445000.0, 0.0001], [122444000.0, 0.0], [122442000.0, 0.0007], [122441000.0, 0.1139], [122440000.0, 0.0006]], "asks": [[122490000.0, 0.1206], [122496000.0, 0.014], [122497000.0, 0.0063], [122498000.0, 0.0011], [122499000.0, 0.0183], [122500000.0, 0.0398], [122502000.0, 0.0], [122503000.0, 0.0028], [122504000.0, 0.001], [122505000.0, 0.0094]]},
{"timestamp": "1743771244856", "bids": [[122459000.0, 0.0204], [122458000.0, 0.0221], [122457000.0, 0.0001], [122456000.0, 0.0291], [122454000.0, 0.1065], [122450000.0, 0.025], [122447000.0, 0.0615], [122446000.0, 0.0568], [122445000.0, 0.0001], [122444000.0, 0.0]], "asks": [[122497000.0, 0.0063], [122498000.0, 0.0011], [122499000.0, 0.0183], [122500000.0, 0.0398], [122502000.0, 0.0], [122503000.0, 0.0028], [122504000.0, 0.001], [122505000.0, 0.0094], [122506000.0, 0.0167], [122507000.0, 0.0053]]},
{"timestamp": "1743771245353", "bids": [[122459000.0, 0.0204], [122458000.0, 0.0221], [122457000.0, 0.0001], [122456000.0, 0.0291], [122454000.0, 0.1065], [122447000.0, 0.0615], [122446000.0, 0.0293], [122444000.0, 0.0], [122442000.0, 0.0007], [122441000.0, 0.0914]], "asks": [[122497000.0, 0.0063], [122498000.0, 0.0011], [122499000.0, 0.0183], [122500000.0, 0.0398], [122502000.0, 0.0], [122503000.0, 0.0028], [122504000.0, 0.001], [122505000.0, 0.0094], [122506000.0, 0.0167], [122507000.0, 0.0053]]},
{"timestamp": "1743771245852", "bids": [[122460000.0, 0.0072], [122459000.0, 0.0204], [122458000.0, 0.0221], [122457000.0, 0.0001], [122456000.0, 0.0291], [122454000.0, 0.1065], [122447000.0, 0.0615], [122446000.0, 0.0301], [122444000.0, 0.0], [122442000.0, 0.0007]], "asks": [[122532000.0, 0.0352], [122534000.0, 0.0001], [122535000.0, 0.0001], [122536000.0, 0.027], [122538000.0, 0.0062], [122539000.0, 0.0012], [122540000.0, 0.0032], [122541000.0, 0.0004], [122543000.0, 0.0058], [122544000.0, 0.0086]]},
{"timestamp": "1743771246355", "bids": [[122459000.0, 0.0204], [122458000.0, 0.0221], [122457000.0, 0.0773], [122456000.0, 0.0291], [122455000.0, 0.0772], [122454000.0, 0.1065], [122447000.0, 0.0615], [122446000.0, 0.0301], [122444000.0, 0.0], [122442000.0, 0.0007]], "asks": [[122532000.0, 0.0352], [122534000.0, 0.0001], [122535000.0, 0.0001], [122536000.0, 0.027], [122538000.0, 0.0062], [122539000.0, 0.0012], [122540000.0, 0.0032], [122541000.0, 0.0004], [122543000.0, 0.0058], [122544000.0, 0.0086]]},
{"timestamp": "1743771246855", "bids": [[122459000.0, 0.0204], [122458000.0, 0.0221], [122457000.0, 0.0773], [122456000.0, 0.0291], [122454000.0, 0.1065], [122447000.0, 0.0615], [122446000.0, 0.0301], [122444000.0, 0.0], [122442000.0, 0.0007], [122441000.0, 0.0914]], "asks": [[122532000.0, 0.0352], [122534000.0, 0.0001], [122535000.0, 0.0001], [122536000.0, 0.027], [122538000.0, 0.0062], [122539000.0, 0.0012], [122540000.0, 0.0032], [122541000.0, 0.0004], [122543000.0, 0.0058], [122544000.0, 0.0086]]},
{"timestamp": "1743771247452", "bids": [[122460000.0, 0.0962], [122459000.0, 0.0204], [122458000.0, 0.0221], [122457000.0, 0.0001], [122456000.0, 0.0291], [122455000.0, 0.0771], [122454000.0, 0.0977], [122447000.0, 0.0253], [122446000.0, 0.0301], [122444000.0, 0.0]], "asks": [[122532000.0, 0.0132], [122534000.0, 0.0001], [122535000.0, 0.0001], [122536000.0, 0.027], [122538000.0, 0.0062], [122539000.0, 0.0012], [122540000.0, 0.0032], [122541000.0, 0.0004], [122543000.0, 0.0058], [122544000.0, 0.0086]]},
{"timestamp": "1743771247856", "bids": [[122460000.0, 0.0191], [122458000.0, 0.0221], [122457000.0, 0.0001], [122455000.0, 0.0771], [122454000.0, 0.0323], [122447000.0, 0.0253], [122446000.0, 0.0044], [122444000.0, 0.0], [122441000.0, 0.0358], [122440000.0, 0.0231]], "asks": [[122534000.0, 0.0001], [122535000.0, 0.0001], [122536000.0, 0.027], [122538000.0, 0.0062], [122539000.0, 0.0012], [122540000.0, 0.0032], [122541000.0, 0.0004], [122543000.0, 0.0058], [122544000.0, 0.0086], [122545000.0, 0.0008]]},
{"timestamp": "1743771248376", "bids": [[122446000.0, 0.002], [122444000.0, 0.0], [122442000.0, 0.0115], [122441000.0, 0.0358], [122440000.0, 0.0006], [122431000.0, 0.025], [122430000.0, 0.0115], [122429000.0, 0.0362], [122426000.0, 0.0002], [122425000.0, 0.0004]], "asks": [[122447000.0, 0.4425], [122531000.0, 0.16], [122534000.0, 0.0001], [122535000.0, 0.0115], [122536000.0, 0.027], [122538000.0, 0.0062], [122539000.0, 0.0012], [122540000.0, 0.0032], [122541000.0, 0.0004], [122542000.0, 0.0242]]},
{"timestamp": "1743771248857", "bids": [[122446000.0, 0.002], [122444000.0, 0.0], [122442000.0, 0.0319], [122441000.0, 0.0291], [122440000.0, 0.0231], [122436000.0, 0.0088], [122431000.0, 0.0251], [122430000.0, 0.0444], [122429000.0, 0.0362], [122426000.0, 0.03]], "asks": [[122447000.0, 0.3654], [122531000.0, 0.16], [122534000.0, 0.0001], [122535000.0, 0.0115], [122536000.0, 0.027], [122538000.0, 0.0062], [122539000.0, 0.0012], [122540000.0, 0.0384], [122541000.0, 0.0004], [122542000.0, 0.0242]]},
{"timestamp": "1743771255855", "bids": [[122446000.0, 1.0016], [122444000.0, 0.0], [122440000.0, 0.0006], [122430000.0, 0.0115], [122425000.0, 0.0], [122415000.0, 0.0036], [122410000.0, 0.0016], [122409000.0, 0.0], [122407000.0, 0.0], [122396000.0, 0.0]], "asks": [[122447000.0, 0.2642], [122453000.0, 0.054], [122486000.0, 0.0168], [122487000.0, 0.022], [122495000.0, 0.0001], [122502000.0, 0.0048], [122508000.0, 0.0181], [122514000.0, 0.0174], [122515000.0, 0.0118], [122518000.0, 0.0253]]},
{"timestamp": "1743771256365", "bids": [[122446000.0, 1.0016], [122444000.0, 0.0], [122440000.0, 0.0006], [122430000.0, 0.0115], [122425000.0, 0.0], [122415000.0, 0.0036], [122410000.0, 0.0016], [122409000.0, 0.0017], [122407000.0, 0.0], [122396000.0, 0.0]], "asks": [[122447000.0, 0.2606], [122453000.0, 0.054], [122487000.0, 0.0665], [122495000.0, 0.0001], [122499000.0, 0.0217], [122502000.0, 0.0183], [122503000.0, 0.0129], [122505000.0, 0.0144], [122510000.0, 0.0171], [122511000.0, 0.0271]]},
{"timestamp": "1743771256855", "bids": [[122446000.0, 1.0016], [122444000.0, 0.0], [122440000.0, 0.0006], [122430000.0, 0.0115], [122425000.0, 0.0], [122415000.0, 0.0036], [122410000.0, 0.0016], [122409000.0, 0.0017], [122407000.0, 0.0], [122396000.0, 0.0]], "asks": [[122447000.0, 0.2606], [122453000.0, 0.054], [122490000.0, 0.0173], [122491000.0, 0.0227], [122494000.0, 0.0242], [122495000.0, 0.0001], [122503000.0, 0.0129], [122507000.0, 0.0166], [122511000.0, 0.0199], [122512000.0, 0.0399]]},
{"timestamp": "1743771257357", "bids": [[122446000.0, 1.0016], [122444000.0, 0.0], [122440000.0, 0.0006], [122430000.0, 0.0115], [122425000.0, 0.0], [122415000.0, 0.0036], [122410000.0, 0.0016], [122409000.0, 0.0017], [122407000.0, 0.0], [122396000.0, 0.0]], "asks": [[122447000.0, 0.2569], [122453000.0, 0.054], [122490000.0, 0.0173], [122491000.0, 0.0227], [122492000.0, 0.0467], [122493000.0, 0.0282], [122494000.0, 0.0506], [122495000.0, 0.0199], [122507000.0, 0.0383], [122509000.0, 0.0129]]},
{"timestamp": "1743771257856", "bids": [[122446000.0, 1.0016], [122444000.0, 0.0], [122440000.0, 0.0006], [122430000.0, 0.0115], [122425000.0, 0.0], [122415000.0, 0.0036], [122410000.0, 0.0016], [122409000.0, 0.0017], [122407000.0, 0.0], [122400000.0, 0.0016]], "asks": [[122447000.0, 0.2569], [122453000.0, 0.054], [122490000.0, 0.0173], [122491000.0, 0.0227], [122492000.0, 0.0467], [122493000.0, 0.0282], [122494000.0, 0.0506], [122495000.0, 0.0199], [122507000.0, 0.0383], [122509000.0, 0.0129]]},
{"timestamp": "1743771258357", "bids": [[122446000.0, 1.0016], [122444000.0, 0.0], [122440000.0, 0.0006], [122430000.0, 0.0115], [122425000.0, 0.0], [122415000.0, 0.0036], [122410000.0, 0.0016], [122409000.0, 0.0017], [122407000.0, 0.0], [122400000.0, 0.0098]], "asks": [[122447000.0, 0.2982], [122453000.0, 0.054], [122490000.0, 0.0173], [122491000.0, 0.0227], [122492000.0, 0.022], [122493000.0, 0.0282], [122494000.0, 0.0506], [122495000.0, 0.0199], [122507000.0, 0.0383], [122509000.0, 0.0129]]},
{"timestamp": "1743771258859", "bids": [[122446000.0, 1.0016], [122444000.0, 0.0], [122440000.0, 0.0006], [122430000.0, 0.0115], [122425000.0, 0.0], [122415000.0, 0.0036], [122410000.0, 0.0016], [122409000.0, 0.0017], [122407000.0, 0.0], [122400000.0, 0.0098]], "asks": [[122447000.0, 0.3743], [122453000.0, 0.054], [122491000.0, 0.0227], [122492000.0, 0.022], [122493000.0, 0.0282], [122494000.0, 0.0264], [122495000.0, 0.0001], [122507000.0, 0.0217], [122509000.0, 0.0129], [122511000.0, 0.0488]]},
{"timestamp": "1743771259361", "bids": [[122446000.0, 1.0016], [122444000.0, 0.0], [122440000.0, 0.0006], [122430000.0, 0.0115], [122425000.0, 0.0], [122415000.0, 0.0036], [122410000.0, 0.0016], [122409000.0, 0.0017], [122407000.0, 0.0], [122400000.0, 0.0098]], "asks": [[122447000.0, 0.3843], [122453000.0, 0.054], [122495000.0, 0.0001], [122511000.0, 0.0362], [122520000.0, 0.0013], [122529000.0, 0.0225], [122532000.0, 0.02], [122534000.0, 0.0001], [122535000.0, 0.0001], [122536000.0, 0.027]]},
{"timestamp": "1743771259865", "bids": [[122446000.0, 1.0016], [122444000.0, 0.0], [122440000.0, 0.0006], [122430000.0, 0.0115], [122425000.0, 0.0], [122415000.0, 0.0036], [122410000.0, 0.0016], [122409000.0, 0.0017], [122407000.0, 0.0], [122400000.0, 0.0098]], "asks": [[122447000.0, 0.2588], [122453000.0, 0.054], [122460000.0, 0.0242], [122462000.0, 0.0173], [122464000.0, 0.0247], [122465000.0, 0.0198], [122479000.0, 0.0174], [122485000.0, 0.0181], [122486000.0, 0.0295], [122488000.0, 0.0166]]},
{"timestamp": "1743771260356", "bids": [[122446000.0, 1.0016], [122444000.0, 0.0], [122440000.0, 0.0006], [122430000.0, 0.0115], [122425000.0, 0.0], [122415000.0, 0.0036], [122410000.0, 0.0016], [122409000.0, 0.0017], [122407000.0, 0.0], [122400000.0, 0.0098]], "asks": [[122447000.0, 0.2487], [122453000.0, 0.054], [122454000.0, 0.022], [122455000.0, 0.0114], [122460000.0, 0.0242], [122462000.0, 0.0173], [122464000.0, 0.0247], [122465000.0, 0.0198], [122469000.0, 0.0217], [122472000.0, 0.0327]]},
{"timestamp": "1743771261054", "bids": [[122446000.0, 1.0016], [122444000.0, 0.0], [122430000.0, 0.0115], [122425000.0, 0.0], [122415000.0, 0.0882], [122410000.0, 0.0016], [122409000.0, 0.0017], [122407000.0, 0.0], [122400000.0, 0.0098], [122396000.0, 0.0]], "asks": [[122447000.0, 0.2325], [122453000.0, 0.054], [122455000.0, 0.0114], [122456000.0, 0.0168], [122457000.0, 0.0491], [122462000.0, 0.0173], [122464000.0, 0.0247], [122469000.0, 0.0217], [122472000.0, 0.0183], [122476000.0, 0.0171]]},
{"timestamp": "1743771261358", "bids": [[122446000.0, 1.0016], [122444000.0, 0.0], [122430000.0, 0.0115], [122425000.0, 0.0], [122415000.0, 0.0882], [122410000.0, 0.0016], [122409000.0, 0.0017], [122407000.0, 0.0], [122400000.0, 0.0098], [122396000.0, 0.0]], "asks": [[122447000.0, 0.2325], [122453000.0, 0.054], [122455000.0, 0.0114], [122456000.0, 0.0168], [122457000.0, 0.0491], [122462000.0, 0.0173], [122463000.0, 0.022], [122464000.0, 0.0247], [122469000.0, 0.0217], [122472000.0, 0.0183]]},
{"timestamp": "1743771261853", "bids": [[122446000.0, 1.0016], [122444000.0, 0.0], [122430000.0, 0.0115], [122425000.0, 0.0], [122415000.0, 0.0882], [122410000.0, 0.0016], [122409000.0, 0.0017], [122407000.0, 0.0], [122400000.0, 0.0098], [122396000.0, 0.0]], "asks": [[122447000.0, 0.2325], [122453000.0, 0.054], [122455000.0, 0.0114], [122456000.0, 0.0168], [122457000.0, 0.0491], [122462000.0, 0.0173], [122463000.0, 0.022], [122464000.0, 0.0247], [122469000.0, 0.0217], [122472000.0, 0.0183]]},
{"timestamp": "1743771262363", "bids": [[122446000.0, 1.0016], [122444000.0, 0.0], [122430000.0, 0.0115], [122428000.0, 0.0016], [122425000.0, 0.0], [122415000.0, 0.0882], [122410000.0, 0.0016], [122409000.0, 0.0017], [122408000.0, 0.0225], [122407000.0, 0.0]], "asks": [[122447000.0, 0.2325], [122453000.0, 0.054], [122455000.0, 0.0114], [122456000.0, 0.0168], [122457000.0, 0.0491], [122462000.0, 0.0173], [122463000.0, 0.022], [122464000.0, 0.0247], [122469000.0, 0.0217], [122472000.0, 0.0183]]},
{"timestamp": "1743771262861", "bids": [[122446000.0, 1.0016], [122444000.0, 0.0], [122430000.0, 0.0115], [122428000.0, 0.0016], [122425000.0, 0.0], [122415000.0, 0.0882], [122410000.0, 0.0016], [122409000.0, 0.0017], [122408000.0, 0.0225], [122407000.0, 0.0]], "asks": [[122447000.0, 0.2325], [122453000.0, 0.054], [122455000.0, 0.0114], [122456000.0, 0.0168], [122457000.0, 0.0491], [122462000.0, 0.0173], [122463000.0, 0.022], [122464000.0, 0.0247], [122469000.0, 0.0217], [122472000.0, 0.0183]]},
{"timestamp": "1743771263360", "bids": [[122446000.0, 1.0016], [122444000.0, 0.0], [122430000.0, 0.0115], [122428000.0, 0.0016], [122425000.0, 0.0], [122415000.0, 0.0882], [122410000.0, 0.0016], [122409000.0, 0.0017], [122408000.0, 0.0225], [122407000.0, 0.0]], "asks": [[122447000.0, 0.2325], [122453000.0, 0.054], [122455000.0, 0.0114], [122456000.0, 0.0168], [122457000.0, 0.0491], [122462000.0, 0.0173], [122463000.0, 0.022], [122464000.0, 0.0247], [122469000.0, 0.0217], [122472000.0, 0.0183]]},
{"timestamp": "1743771263861", "bids": [[122446000.0, 1.0016], [122444000.0, 0.0], [122430000.0, 0.0115], [122428000.0, 0.0016], [122425000.0, 0.0], [122415000.0, 0.0882], [122410000.0, 0.0016], [122409000.0, 0.0017], [122407000.0, 0.0], [122400000.0, 0.0098]], "asks": [[122447000.0, 0.2325], [122453000.0, 0.054], [122455000.0, 0.0114], [122456000.0, 0.0168], [122457000.0, 0.0491], [122462000.0, 0.0173], [122463000.0, 0.022], [122464000.0, 0.0247], [122469000.0, 0.0217], [122472000.0, 0.0183]]},
{"timestamp": "1743771264355", "bids": [[122446000.0, 1.0016], [122444000.0, 0.0], [122430000.0, 0.0115], [122428000.0, 0.0016], [122425000.0, 0.0], [122415000.0, 0.0882], [122410000.0, 0.0016], [122409000.0, 0.0017], [122407000.0, 0.0], [122400000.0, 0.0098]], "asks": [[122447000.0, 0.2325], [122453000.0, 0.054], [122455000.0, 0.0114], [122456000.0, 0.0168], [122457000.0, 0.0491], [122462000.0, 0.0173], [122463000.0, 0.022], [122464000.0, 0.0247], [122469000.0, 0.0217], [122472000.0, 0.0183]]},
{"timestamp": "1743771264862", "bids": [[122446000.0, 1.0016], [122444000.0, 0.0], [122430000.0, 0.0115], [122428000.0, 0.0016], [122425000.0, 0.0], [122415000.0, 0.0882], [122410000.0, 0.0016], [122409000.0, 0.0017], [122407000.0, 0.0], [122400000.0, 0.0098]], "asks": [[122447000.0, 0.2325], [122453000.0, 0.054], [122455000.0, 0.0114], [122456000.0, 0.0168], [122457000.0, 0.0491], [122462000.0, 0.0173], [122463000.0, 0.022], [122464000.0, 0.0247], [122469000.0, 0.0217], [122472000.0, 0.0183]]},
{"timestamp": "1743771265358", "bids": [[122446000.0, 1.0016], [122444000.0, 0.0], [122430000.0, 0.0115], [122428000.0, 0.0016], [122425000.0, 0.0], [122415000.0, 0.0882], [122410000.0, 0.0016], [122409000.0, 0.0017], [122407000.0, 0.0], [122400000.0, 0.0098]], "asks": [[122447000.0, 0.2324], [122453000.0, 0.054], [122455000.0, 0.0114], [122456000.0, 0.0168], [122457000.0, 0.0491], [122462000.0, 0.0173], [122463000.0, 0.022], [122464000.0, 0.0247], [122469000.0, 0.0217], [122472000.0, 0.0183]]},
{"timestamp": "1743771265863", "bids": [[122446000.0, 1.0016], [122444000.0, 0.0], [122430000.0, 0.0115], [122428000.0, 0.0016], [122425000.0, 0.0], [122415000.0, 0.0882], [122410000.0, 0.0016], [122409000.0, 0.0017], [122407000.0, 0.0], [122400000.0, 0.0098]], "asks": [[122447000.0, 0.2324], [122453000.0, 0.054], [122455000.0, 0.0114], [122456000.0, 0.0168], [122457000.0, 0.0491], [122462000.0, 0.0173], [122463000.0, 0.022], [122464000.0, 0.0247], [122469000.0, 0.0217], [122472000.0, 0.0183]]},
{"timestamp": "1743771266354", "bids": [[122446000.0, 1.0016], [122444000.0, 0.0], [122430000.0, 0.0115], [122428000.0, 0.0016], [122425000.0, 0.0], [122415000.0, 0.0882], [122410000.0, 0.0016], [122409000.0, 0.0017], [122407000.0, 0.0], [122400000.0, 0.0098]], "asks": [[122447000.0, 0.2299], [122453000.0, 0.054], [122455000.0, 0.0114], [122462000.0, 0.0173], [122464000.0, 0.0247], [122476000.0, 0.0171], [122481000.0, 0.031], [122482000.0, 0.0126], [122485000.0, 0.0181], [122486000.0, 0.0167]]},
{"timestamp": "1743771266862", "bids": [[122446000.0, 1.0209], [122444000.0, 0.0], [122430000.0, 0.0115], [122428000.0, 0.0016], [122425000.0, 0.0], [122415000.0, 0.0882], [122410000.0, 0.0016], [122409000.0, 0.0017], [122407000.0, 0.0], [122400000.0, 0.0098]], "asks": [[122447000.0, 0.2299], [122453000.0, 0.054], [122465000.0, 0.0425], [122468000.0, 0.0242], [122478000.0, 0.0217], [122481000.0, 0.0166], [122482000.0, 0.0168], [122485000.0, 0.0199], [122486000.0, 0.0399], [122487000.0, 0.0153]]},
{"timestamp": "1743771267359", "bids": [[122446000.0, 1.0209], [122444000.0, 0.0], [122430000.0, 0.0115], [122428000.0, 0.0016], [122425000.0, 0.0], [122415000.0, 0.0882], [122410000.0, 0.0016], [122409000.0, 0.0017], [122407000.0, 0.0], [122400000.0, 0.0098]], "asks": [[122447000.0, 0.2299], [122453000.0, 0.054], [122465000.0, 0.0425], [122468000.0, 0.0506], [122478000.0, 0.0217], [122481000.0, 0.0166], [122482000.0, 0.0168], [122484000.0, 0.022], [122485000.0, 0.0313], [122486000.0, 0.0399]]},
{"timestamp": "1743771267865", "bids": [[122446000.0, 1.0016], [122444000.0, 0.0], [122430000.0, 0.0115], [122428000.0, 0.0016], [122425000.0, 0.0], [122415000.0, 0.0882], [122410000.0, 0.0016], [122409000.0, 0.0021], [122407000.0, 0.0], [122400000.0, 0.0098]], "asks": [[122447000.0, 0.2298], [122453000.0, 0.054], [122485000.0, 0.0287], [122487000.0, 0.0247], [122495000.0, 0.0001], [122498000.0, 0.0183], [122504000.0, 0.0144], [122505000.0, 0.0171], [122507000.0, 0.093], [122508000.0, 0.0167]]},
{"timestamp": "1743771268373", "bids": [[122446000.0, 0.0016], [122444000.0, 0.0], [122430000.0, 0.0115], [122428000.0, 0.0016], [122425000.0, 0.0], [122415000.0, 0.0882], [122410000.0, 0.0016], [122409000.0, 0.0021], [122407000.0, 0.0], [122400000.0, 0.0107]], "asks": [[122447000.0, 0.2298], [122453000.0, 0.054], [122485000.0, 0.0287], [122487000.0, 0.0467], [122495000.0, 0.0001], [122498000.0, 0.0183], [122503000.0, 0.0129], [122504000.0, 0.0144], [122505000.0, 0.0171], [122506000.0, 0.0126]]},
{"timestamp": "1743771268859", "bids": [[122446000.0, 0.0031], [122444000.0, 0.0], [122430000.0, 0.0115], [122428000.0, 0.0016], [122425000.0, 0.0], [122415000.0, 0.0882], [122410000.0, 0.0016], [122409000.0, 0.0021], [122407000.0, 0.0], [122402000.0, 0.0225]], "asks": [[122447000.0, 0.2298], [122453000.0, 0.054], [122485000.0, 0.0114], [122495000.0, 0.0001], [122498000.0, 0.041], [122503000.0, 0.0129], [122504000.0, 0.0144], [122507000.0, 0.0036], [122508000.0, 0.0174], [122513000.0, 0.0222]]},
{"timestamp": "1743771269358", "bids": [[122446000.0, 0.0129], [122444000.0, 0.0], [122430000.0, 0.0115], [122428000.0, 0.0016], [122425000.0, 0.0], [122424000.0, 0.0], [122415000.0, 0.0882], [122410000.0, 0.0016], [122409000.0, 0.0021], [122407000.0, 0.0]], "asks": [[122447000.0, 0.2298], [122453000.0, 0.054], [122495000.0, 0.0001], [122496000.0, 0.0173], [122497000.0, 0.0168], [122498000.0, 0.0645], [122500000.0, 0.0242], [122507000.0, 0.0036], [122509000.0, 0.0115], [122510000.0, 0.0217]]},
{"timestamp": "1743771269869", "bids": [[122446000.0, 0.0016], [122444000.0, 0.0], [122430000.0, 0.0115], [122428000.0, 0.0016], [122425000.0, 0.0], [122424000.0, 0.0], [122415000.0, 0.0882], [122410000.0, 0.0016], [122409000.0, 0.0021], [122407000.0, 0.0]], "asks": [[122447000.0, 0.2298], [122453000.0, 0.054], [122492000.0, 0.0008], [122495000.0, 0.0001], [122496000.0, 0.0173], [122497000.0, 0.0168], [122498000.0, 0.0892], [122500000.0, 0.0242], [122501000.0, 0.0264], [122507000.0, 0.0036]]},
{"timestamp": "1743771270356", "bids": [[122446000.0, 0.0016], [122444000.0, 0.0], [122430000.0, 0.0115], [122428000.0, 0.0016], [122425000.0, 0.0], [122424000.0, 0.0], [122415000.0, 0.0882], [122410000.0, 0.0016], [122409000.0, 0.0021], [122408000.0, 0.0]], "asks": [[122447000.0, 0.2298], [122453000.0, 0.054], [122492000.0, 0.0008], [122495000.0, 0.0001], [122498000.0, 0.0418], [122501000.0, 0.0264], [122507000.0, 0.0036], [122513000.0, 0.0222], [122517000.0, 0.0], [122520000.0, 0.0013]]},
{"timestamp": "1743771270869", "bids": [[122446000.0, 0.0016], [122444000.0, 0.0], [122430000.0, 0.0115], [122428000.0, 0.0016], [122425000.0, 0.0041], [122424000.0, 0.0], [122415000.0, 0.0882], [122410000.0, 0.0016], [122409000.0, 0.0021], [122408000.0, 0.0]], "asks": [[122447000.0, 0.2298], [122453000.0, 0.054], [122485000.0, 0.0341], [122486000.0, 0.0247], [122487000.0, 0.022], [122492000.0, 0.0008], [122494000.0, 0.0114], [122495000.0, 0.0001], [122500000.0, 0.0115], [122507000.0, 0.0219]]},
{"timestamp": "1743771271364", "bids": [[122446000.0, 0.0016], [122444000.0, 0.0], [122430000.0, 0.0115], [122428000.0, 0.0016], [122425000.0, 0.0041], [122424000.0, 0.0], [122415000.0, 0.0882], [122410000.0, 0.0016], [122409000.0, 0.0021], [122408000.0, 0.0]], "asks": [[122447000.0, 0.2437], [122453000.0, 0.054], [122485000.0, 0.0341], [122486000.0, 0.0247], [122487000.0, 0.0645], [122488000.0, 0.0264], [122489000.0, 0.0242], [122492000.0, 0.0008], [122494000.0, 0.0114], [122495000.0, 0.0001]]},
{"timestamp": "1743771272059", "bids": [[122446000.0, 0.0016], [122444000.0, 0.0], [122430000.0, 0.0115], [122428000.0, 0.0016], [122425000.0, 0.0041], [122424000.0, 0.0], [122415000.0, 0.0882], [122410000.0, 0.0016], [122409000.0, 0.0021], [122408000.0, 0.0]], "asks": [[122447000.0, 0.3977], [122453000.0, 0.054], [122486000.0, 0.0247], [122487000.0, 0.0115], [122488000.0, 0.0264], [122492000.0, 0.0008], [122494000.0, 0.0114], [122495000.0, 0.0001], [122504000.0, 0.0222], [122505000.0, 0.0126]]},
{"timestamp": "1743771272360", "bids": [[122446000.0, 0.0016], [122444000.0, 0.0], [122430000.0, 0.0115], [122428000.0, 0.0016], [122425000.0, 0.0041], [122424000.0, 0.0], [122415000.0, 0.0882], [122410000.0, 0.0016], [122409000.0, 0.0021], [122408000.0, 0.0]], "asks": [[122447000.0, 0.3983], [122453000.0, 0.054], [122474000.0, 0.0242], [122487000.0, 0.0115], [122488000.0, 0.0129], [122490000.0, 0.0144], [122492000.0, 0.0207], [122493000.0, 0.0181], [122495000.0, 0.0001], [122504000.0, 0.0222]]},
{"timestamp": "1743771272865", "bids": [[122446000.0, 0.0016], [122444000.0, 0.0], [122430000.0, 0.0115], [122428000.0, 0.0016], [122425000.0, 0.0041], [122424000.0, 0.0], [122415000.0, 0.0882], [122410000.0, 0.0016], [122409000.0, 0.0021], [122408000.0, 0.0]], "asks": [[122447000.0, 0.2298], [122453000.0, 0.054], [122472000.0, 0.0665], [122474000.0, 0.0506], [122484000.0, 0.0217], [122488000.0, 0.0129], [122490000.0, 0.0144], [122491000.0, 0.0126], [122492000.0, 0.0207], [122493000.0, 0.0679]]},
{"timestamp": "1743771273356", "bids": [[122446000.0, 0.0016], [122444000.0, 0.0], [122430000.0, 0.0115], [122428000.0, 0.0016], [122425000.0, 0.0041], [122424000.0, 0.0], [122415000.0, 0.0882], [122410000.0, 0.0016], [122409000.0, 0.0021], [122408000.0, 0.0]], "asks": [[122447000.0, 0.2295], [122453000.0, 0.054], [122472000.0, 0.0665], [122474000.0, 0.0506], [122484000.0, 0.0217], [122488000.0, 0.0129], [122490000.0, 0.0259], [122491000.0, 0.0126], [122492000.0, 0.0207], [122493000.0, 0.0679]]},
{"timestamp": "1743771273864", "bids": [[122446000.0, 0.0016], [122444000.0, 0.0], [122430000.0, 0.0115], [122428000.0, 0.0016], [122425000.0, 0.0041], [122424000.0, 0.0], [122415000.0, 0.0882], [122410000.0, 0.0016], [122409000.0, 0.0021], [122408000.0, 0.0]], "asks": [[122447000.0, 0.2295], [122453000.0, 0.054], [122472000.0, 0.0665], [122474000.0, 0.0506], [122480000.0, 0.0008], [122484000.0, 0.0217], [122488000.0, 0.0129], [122490000.0, 0.0259], [122491000.0, 0.0126], [122492000.0, 0.0207]]},
{"timestamp": "1743771274359", "bids": [[122446000.0, 0.0016], [122444000.0, 0.0], [122430000.0, 0.0115], [122428000.0, 0.0016], [122425000.0, 0.0041], [122424000.0, 0.0], [122415000.0, 0.0882], [122410000.0, 0.0016], [122409000.0, 0.0021], [122408000.0, 0.0]], "asks": [[122447000.0, 0.2295], [122453000.0, 0.054], [122472000.0, 0.0665], [122474000.0, 0.0506], [122480000.0, 0.0008], [122484000.0, 0.0217], [122488000.0, 0.0129], [122490000.0, 0.0259], [122491000.0, 0.0126], [122492000.0, 0.0207]]},
{"timestamp": "1743771274866", "bids": [[122446000.0, 0.0016], [122444000.0, 0.0], [122430000.0, 0.0115], [122428000.0, 0.0016], [122425000.0, 0.0041], [122424000.0, 0.0], [122415000.0, 0.0882], [122410000.0, 0.0016], [122409000.0, 0.0021], [122408000.0, 0.0]], "asks": [[122447000.0, 0.3873], [122453000.0, 0.054], [122472000.0, 0.0665], [122474000.0, 0.0506], [122480000.0, 0.0008], [122484000.0, 0.0217], [122486000.0, 0.0115], [122488000.0, 0.0129], [122490000.0, 0.0144], [122491000.0, 0.0126]]},
{"timestamp": "1743771275365", "bids": [[122446000.0, 0.0016], [122444000.0, 0.0], [122430000.0, 0.0115], [122428000.0, 0.0016], [122425000.0, 0.0041], [122424000.0, 0.0], [122415000.0, 0.0882], [122410000.0, 0.0016], [122409000.0, 0.0021], [122408000.0, 0.0]], "asks": [[122447000.0, 0.2295], [122453000.0, 0.054], [122472000.0, 0.0665], [122474000.0, 0.0506], [122480000.0, 0.0008], [122484000.0, 0.0217], [122486000.0, 0.0115], [122488000.0, 0.0129], [122490000.0, 0.0144], [122491000.0, 0.0126]]},
{"timestamp": "1743771275863", "bids": [[122447000.0, 0.7704], [122446000.0, 0.0016], [122444000.0, 0.0], [122434000.0, 0.0007], [122430000.0, 0.0115], [122428000.0, 0.0016], [122425000.0, 0.0041], [122424000.0, 0.0], [122415000.0, 0.0882], [122410000.0, 0.0016]], "asks": [[122453000.0, 0.054], [122472000.0, 0.0759], [122473000.0, 0.0227], [122480000.0, 0.0008], [122486000.0, 0.0115], [122489000.0, 0.0166], [122490000.0, 0.0144], [122492000.0, 0.0207], [122493000.0, 0.0181], [122494000.0, 0.0177]]},
{"timestamp": "1743771276358", "bids": [[122447000.0, 0.771], [122446000.0, 0.0209], [122444000.0, 0.0], [122434000.0, 0.0007], [122430000.0, 0.0115], [122428000.0, 0.0016], [122425000.0, 0.0041], [122424000.0, 0.0], [122415000.0, 0.0882], [122410000.0, 0.0016]], "asks": [[122453000.0, 0.054], [122475000.0, 0.0114], [122480000.0, 0.0008], [122483000.0, 0.0242], [122486000.0, 0.0217], [122488000.0, 0.0183], [122491000.0, 0.0129], [122492000.0, 0.0008], [122495000.0, 0.0168], [122497000.0, 0.0179]]},
{"timestamp": "1743771276863", "bids": [[122447000.0, 0.771], [122446000.0, 0.0016], [122444000.0, 0.0], [122434000.0, 0.0007], [122430000.0, 0.0115], [122428000.0, 0.0016], [122425000.0, 0.0041], [122424000.0, 0.0], [122415000.0, 0.0882], [122410000.0, 0.0016]], "asks": [[122453000.0, 0.054], [122475000.0, 0.0114], [122476000.0, 0.0264], [122480000.0, 0.0008], [122483000.0, 0.0242], [122485000.0, 0.0796], [122486000.0, 0.0217], [122488000.0, 0.0183], [122492000.0, 0.0008], [122494000.0, 0.0467]]},
{"timestamp": "1743771277421", "bids": [[122447000.0, 0.771], [122446000.0, 0.0016], [122444000.0, 0.0], [122434000.0, 0.0007], [122430000.0, 0.0115], [122428000.0, 0.0016], [122425000.0, 0.0041], [122424000.0, 0.0], [122415000.0, 0.0882], [122410000.0, 0.0016]], "asks": [[122453000.0, 0.054], [122475000.0, 0.0114], [122476000.0, 0.0264], [122480000.0, 0.0008], [122483000.0, 0.0242], [122485000.0, 0.0796], [122486000.0, 0.0217], [122488000.0, 0.0183], [122492000.0, 0.0008], [122494000.0, 0.0467]]},
{"timestamp": "1743771277869", "bids": [[122447000.0, 0.771], [122446000.0, 0.0016], [122444000.0, 0.0], [122434000.0, 0.0007], [122430000.0, 0.0115], [122428000.0, 0.0016], [122425000.0, 0.0041], [122424000.0, 0.0], [122415000.0, 0.0882], [122410000.0, 0.0016]], "asks": [[122453000.0, 0.054], [122475000.0, 0.0114], [122476000.0, 0.0264], [122480000.0, 0.0008], [122483000.0, 0.0242], [122486000.0, 0.0217], [122488000.0, 0.0183], [122492000.0, 0.0008], [122494000.0, 0.0467], [122495000.0, 0.0001]]},
{"timestamp": "1743771278360", "bids": [[122447000.0, 0.771], [122446000.0, 0.0016], [122444000.0, 0.0], [122434000.0, 0.0007], [122430000.0, 0.0115], [122428000.0, 0.0016], [122425000.0, 0.0041], [122424000.0, 0.0], [122415000.0, 0.0882], [122410000.0, 0.0016]], "asks": [[122453000.0, 0.054], [122475000.0, 0.0114], [122476000.0, 0.0264], [122480000.0, 0.0008], [122483000.0, 0.0242], [122485000.0, 0.0796], [122486000.0, 0.0217], [122488000.0, 0.0183], [122492000.0, 0.0008], [122494000.0, 0.0467]]},
{"timestamp": "1743771278866", "bids": [[122447000.0, 0.771], [122446000.0, 0.0016], [122444000.0, 0.0], [122434000.0, 0.0007], [122430000.0, 0.0115], [122428000.0, 0.0016], [122425000.0, 0.0041], [122424000.0, 0.0], [122415000.0, 0.0882], [122410000.0, 0.0016]], "asks": [[122453000.0, 0.054], [122475000.0, 0.0114], [122476000.0, 0.0264], [122480000.0, 0.0008], [122483000.0, 0.0242], [122485000.0, 0.0796], [122486000.0, 0.0217], [122488000.0, 0.0183], [122492000.0, 0.0008], [122494000.0, 0.0467]]},
{"timestamp": "1743771279363", "bids": [[122447000.0, 0.7464], [122446000.0, 0.0016], [122444000.0, 0.0], [122434000.0, 0.0007], [122430000.0, 0.0115], [122428000.0, 0.0016], [122425000.0, 0.0041], [122424000.0, 0.0], [122415000.0, 0.0882], [122410000.0, 0.0016]], "asks": [[122453000.0, 0.0539], [122475000.0, 0.0114], [122476000.0, 0.0264], [122480000.0, 0.0008], [122483000.0, 0.0242], [122486000.0, 0.0217], [122488000.0, 0.0183], [122492000.0, 0.0008], [122494000.0, 0.0467], [122495000.0, 0.0001]]},
{"timestamp": "1743771279867", "bids": [[122447000.0, 0.7505], [122446000.0, 0.0016], [122444000.0, 0.0], [122434000.0, 0.0007], [122430000.0, 0.0115], [122428000.0, 0.0016], [122425000.0, 0.0041], [122424000.0, 0.0], [122415000.0, 0.0882], [122410000.0, 0.0016]], "asks": [[122453000.0, 0.0539], [122475000.0, 0.0114], [122476000.0, 0.0264], [122480000.0, 0.0008], [122483000.0, 0.0242], [122485000.0, 0.0798], [122486000.0, 0.0217], [122488000.0, 0.0183], [122492000.0, 0.0008], [122494000.0, 0.0467]]},
{"timestamp": "1743771280367", "bids": [[122447000.0, 0.7505], [122446000.0, 0.0016], [122444000.0, 0.0], [122434000.0, 0.0007], [122430000.0, 0.0115], [122428000.0, 0.0016], [122425000.0, 0.0041], [122424000.0, 0.0], [122415000.0, 0.0882], [122410000.0, 0.0016]], "asks": [[122453000.0, 0.0539], [122475000.0, 0.0114], [122476000.0, 0.0264], [122480000.0, 0.0008], [122483000.0, 0.0242], [122486000.0, 0.0217], [122488000.0, 0.0183], [122492000.0, 0.0008], [122494000.0, 0.0467], [122495000.0, 0.0001]]},
{"timestamp": "1743771280868", "bids": [[122447000.0, 0.751], [122446000.0, 0.0016], [122444000.0, 0.0], [122434000.0, 0.0007], [122430000.0, 0.0115], [122428000.0, 0.0016], [122425000.0, 0.0041], [122424000.0, 0.0], [122415000.0, 0.0882], [122410000.0, 0.0016]], "asks": [[122453000.0, 0.0539], [122475000.0, 0.0114], [122476000.0, 0.0264], [122480000.0, 0.0008], [122482000.0, 0.0798], [122483000.0, 0.0242], [122486000.0, 0.0217], [122488000.0, 0.0183], [122492000.0, 0.0008], [122494000.0, 0.0467]]},
{"timestamp": "1743771281367", "bids": [[122447000.0, 0.751], [122446000.0, 0.0016], [122444000.0, 0.0], [122434000.0, 0.0007], [122430000.0, 0.0115], [122428000.0, 0.0016], [122425000.0, 0.0041], [122424000.0, 0.0], [122415000.0, 0.0882], [122410000.0, 0.0016]], "asks": [[122452000.0, 0.1678], [122453000.0, 0.0539], [122474000.0, 0.0798], [122475000.0, 0.0114], [122476000.0, 0.0264], [122480000.0, 0.0008], [122487000.0, 0.0227], [122492000.0, 0.0008], [122494000.0, 0.0247], [122495000.0, 0.0001]]},
{"timestamp": "1743771281868", "bids": [[122447000.0, 0.751], [122446000.0, 0.0016], [122444000.0, 0.0], [122434000.0, 0.0007], [122430000.0, 0.0115], [122428000.0, 0.0016], [122425000.0, 0.0041], [122424000.0, 0.0], [122415000.0, 0.0882], [122410000.0, 0.0016]], "asks": [[122452000.0, 0.1678], [122453000.0, 0.0539], [122480000.0, 0.0176], [122485000.0, 0.0173], [122487000.0, 0.0425], [122492000.0, 0.0008], [122495000.0, 0.0001], [122497000.0, 0.0166], [122499000.0, 0.0362], [122501000.0, 0.0199]]},
{"timestamp": "1743771282365", "bids": [[122447000.0, 0.751], [122446000.0, 0.0016], [122444000.0, 0.0], [122434000.0, 0.0007], [122430000.0, 0.0115], [122428000.0, 0.0016], [122425000.0, 0.0041], [122424000.0, 0.0], [122415000.0, 0.0882], [122410000.0, 0.0016]], "asks": [[122453000.0, 0.0539], [122480000.0, 0.0008], [122481000.0, 0.0467], [122484000.0, 0.0242], [122487000.0, 0.0425], [122492000.0, 0.0008], [122494000.0, 0.0217], [122495000.0, 0.0001], [122499000.0, 0.0362], [122500000.0, 0.0126]]},
{"timestamp": "1743771282867", "bids": [[122447000.0, 0.751], [122446000.0, 0.0016], [122444000.0, 0.0], [122434000.0, 0.0007], [122430000.0, 0.0115], [122428000.0, 0.0016], [122425000.0, 0.0041], [122424000.0, 0.0], [122415000.0, 0.0882], [122410000.0, 0.0016]], "asks": [[122453000.0, 0.0539], [122480000.0, 0.0008], [122484000.0, 0.0798], [122485000.0, 0.0282], [122486000.0, 0.0798], [122487000.0, 0.0418], [122489000.0, 0.0264], [122492000.0, 0.0008], [122494000.0, 0.0217], [122495000.0, 0.0001]]},
{"timestamp": "1743771283366", "bids": [[122447000.0, 0.751], [122446000.0, 0.0016], [122444000.0, 0.0], [122434000.0, 0.0007], [122430000.0, 0.0115], [122428000.0, 0.0016], [122425000.0, 0.0041], [122424000.0, 0.0], [122415000.0, 0.0882], [122410000.0, 0.0016]], "asks": [[122453000.0, 0.0539], [122480000.0, 0.0008], [122485000.0, 0.0282], [122486000.0, 0.0798], [122487000.0, 0.0665], [122489000.0, 0.0264], [122492000.0, 0.0008], [122494000.0, 0.0217], [122495000.0, 0.0001], [122498000.0, 0.0183]]},
{"timestamp": "1743771283865", "bids": [[122447000.0, 0.751], [122446000.0, 0.0016], [122444000.0, 0.0], [122434000.0, 0.0007], [122430000.0, 0.0115], [122428000.0, 0.0016], [122425000.0, 0.0041], [122424000.0, 0.0], [122415000.0, 0.0882], [122410000.0, 0.0016]], "asks": [[122452000.0, 0.1335], [122453000.0, 0.0539], [122480000.0, 0.0008], [122484000.0, 0.0798], [122485000.0, 0.0282], [122487000.0, 0.0665], [122489000.0, 0.0264], [122492000.0, 0.0008], [122494000.0, 0.0217], [122495000.0, 0.0001]]},
{"timestamp": "1743771284364", "bids": [[122447000.0, 0.751], [122446000.0, 0.0388], [122444000.0, 0.0], [122434000.0, 0.0007], [122430000.0, 0.0115], [122428000.0, 0.0016], [122425000.0, 0.0041], [122424000.0, 0.0], [122415000.0, 0.0882], [122410000.0, 0.0016]], "asks": [[122453000.0, 0.0539], [122480000.0, 0.0008], [122485000.0, 0.0282], [122487000.0, 0.0665], [122489000.0, 0.0264], [122492000.0, 0.0008], [122494000.0, 0.0217], [122495000.0, 0.0001], [122498000.0, 0.0183], [122499000.0, 0.0362]]},
{"timestamp": "1743771284869", "bids": [[122447000.0, 0.751], [122446000.0, 0.0388], [122444000.0, 0.0], [122434000.0, 0.0007], [122430000.0, 0.0115], [122428000.0, 0.0016], [122425000.0, 0.0041], [122424000.0, 0.0], [122415000.0, 0.0882], [122410000.0, 0.0016]], "asks": [[122453000.0, 0.0539], [122480000.0, 0.0008], [122484000.0, 0.0798], [122485000.0, 0.0282], [122487000.0, 0.0665], [122489000.0, 0.0264], [122492000.0, 0.0008], [122494000.0, 0.0217], [122495000.0, 0.0001], [122498000.0, 0.0183]]},
{"timestamp": "1743771285361", "bids": [[122447000.0, 0.751], [122446000.0, 0.0388], [122444000.0, 0.0], [122434000.0, 0.0007], [122430000.0, 0.0115], [122428000.0, 0.0016], [122425000.0, 0.0041], [122424000.0, 0.0], [122415000.0, 0.0882], [122410000.0, 0.0016]], "asks": [[122452000.0, 0.1055], [122453000.0, 0.0539], [122478000.0, 0.04], [122480000.0, 0.0008], [122484000.0, 0.0798], [122487000.0, 0.022], [122492000.0, 0.0008], [122495000.0, 0.0001], [122499000.0, 0.0362], [122501000.0, 0.0166]]},
{"timestamp": "1743771285862", "bids": [[122447000.0, 0.731], [122446000.0, 0.0388], [122444000.0, 0.0], [122434000.0, 0.0007], [122430000.0, 0.0115], [122428000.0, 0.0016], [122425000.0, 0.0041], [122424000.0, 0.0], [122415000.0, 0.0882], [122410000.0, 0.0016]], "asks": [[122452000.0, 0.1684], [122453000.0, 0.0539], [122468000.0, 0.0168], [122469000.0, 0.0247], [122478000.0, 0.04], [122480000.0, 0.0008], [122484000.0, 0.0798], [122485000.0, 0.0129], [122486000.0, 0.0242], [122489000.0, 0.0199]]},
{"timestamp": "1743771286361", "bids": [[122447000.0, 0.731], [122446000.0, 0.0388], [122444000.0, 0.0], [122434000.0, 0.0007], [122430000.0, 0.0115], [122428000.0, 0.0016], [122425000.0, 0.0041], [122424000.0, 0.0], [122415000.0, 0.0882], [122410000.0, 0.0016]], "asks": [[122452000.0, 0.0491], [122453000.0, 0.0539], [122468000.0, 0.0168], [122469000.0, 0.0445], [122470000.0, 0.0114], [122478000.0, 0.0173], [122480000.0, 0.0008], [122484000.0, 0.0183], [122485000.0, 0.0129], [122486000.0, 0.104]]},
{"timestamp": "1743771286868", "bids": [[122447000.0, 0.7312], [122446000.0, 0.0388], [122444000.0, 0.0], [122434000.0, 0.0007], [122430000.0, 0.0115], [122428000.0, 0.0016], [122425000.0, 0.0041], [122424000.0, 0.0], [122415000.0, 0.0882], [122410000.0, 0.0016]], "asks": [[122453000.0, 0.0539], [122467000.0, 0.022], [122468000.0, 0.0168], [122469000.0, 0.0462], [122470000.0, 0.0114], [122478000.0, 0.0173], [122479000.0, 0.0217], [122480000.0, 0.0008], [122484000.0, 0.0327], [122485000.0, 0.0362]]},
{"timestamp": "1743771287364", "bids": [[122447000.0, 0.7312], [122446000.0, 0.0388], [122444000.0, 0.0], [122434000.0, 0.0007], [122430000.0, 0.0115], [122428000.0, 0.0016], [122425000.0, 0.0041], [122424000.0, 0.0], [122415000.0, 0.0882], [122410000.0, 0.0016]], "asks": [[122453000.0, 0.0539], [122466000.0, 0.0247], [122467000.0, 0.022], [122468000.0, 0.0168], [122469000.0, 0.0462], [122470000.0, 0.0114], [122478000.0, 0.0173], [122479000.0, 0.0217], [122480000.0, 0.0008], [122483000.0, 0.0129]]},
{"timestamp": "1743771287869", "bids": [[122447000.0, 0.7312], [122446000.0, 0.0388], [122444000.0, 0.0], [122434000.0, 0.0007], [122430000.0, 0.0115], [122428000.0, 0.0016], [122425000.0, 0.0041], [122424000.0, 0.0], [122415000.0, 0.0882], [122410000.0, 0.0016]], "asks": [[122453000.0, 0.0539], [122466000.0, 0.0247], [122467000.0, 0.022], [122468000.0, 0.0168], [122469000.0, 0.0462], [122470000.0, 0.0114], [122478000.0, 0.0173], [122479000.0, 0.0217], [122480000.0, 0.0008], [122483000.0, 0.0129]]},
{"timestamp": "1743771288370", "bids": [[122447000.0, 0.7312], [122446000.0, 0.0388], [122444000.0, 0.0], [122434000.0, 0.0007], [122430000.0, 0.0115], [122428000.0, 0.0016], [122425000.0, 0.0041], [122424000.0, 0.0], [122415000.0, 0.0882], [122410000.0, 0.0016]], "asks": [[122453000.0, 0.0539], [122466000.0, 0.0247], [122467000.0, 0.022], [122468000.0, 0.0168], [122469000.0, 0.0462], [122470000.0, 0.0114], [122478000.0, 0.0173], [122479000.0, 0.0217], [122480000.0, 0.0008], [122483000.0, 0.0129]]},
{"timestamp": "1743771288867", "bids": [[122447000.0, 0.7312], [122446000.0, 0.0388], [122444000.0, 0.0], [122434000.0, 0.0007], [122430000.0, 0.0115], [122428000.0, 0.0016], [122425000.0, 0.0041], [122424000.0, 0.0], [122415000.0, 0.0882], [122410000.0, 0.0016]], "asks": [[122453000.0, 0.0539], [122466000.0, 0.0247], [122467000.0, 0.022], [122468000.0, 0.0168], [122469000.0, 0.0462], [122470000.0, 0.0114], [122478000.0, 0.0173], [122479000.0, 0.0217], [122480000.0, 0.0008], [122483000.0, 0.0129]]},
{"timestamp": "1743771289360", "bids": [[122447000.0, 0.7312], [122446000.0, 0.0388], [122444000.0, 0.0], [122434000.0, 0.0007], [122430000.0, 0.0115], [122428000.0, 0.0016], [122425000.0, 0.0041], [122424000.0, 0.0], [122415000.0, 0.0882], [122410000.0, 0.0016]], "asks": [[122453000.0, 0.0539], [122466000.0, 0.0247], [122467000.0, 0.022], [122468000.0, 0.0168], [122469000.0, 0.0462], [122470000.0, 0.0114], [122478000.0, 0.0173], [122479000.0, 0.0217], [122480000.0, 0.0008], [122483000.0, 0.0129]]},
{"timestamp": "1743771289866", "bids": [[122447000.0, 0.7312], [122446000.0, 0.0388], [122444000.0, 0.0], [122434000.0, 0.0007], [122430000.0, 0.0115], [122428000.0, 0.0016], [122425000.0, 0.0041], [122424000.0, 0.0], [122415000.0, 0.0882], [122410000.0, 0.0016]], "asks": [[122453000.0, 0.0539], [122466000.0, 0.0247], [122467000.0, 0.022], [122468000.0, 0.0168], [122469000.0, 0.0462], [122470000.0, 0.0114], [122478000.0, 0.0173], [122479000.0, 0.0217], [122480000.0, 0.0008], [122483000.0, 0.0129]]},
{"timestamp": "1743771290368", "bids": [[122447000.0, 0.7312], [122446000.0, 0.0388], [122444000.0, 0.0], [122434000.0, 0.0007], [122430000.0, 0.0115], [122428000.0, 0.0016], [122425000.0, 0.0041], [122424000.0, 0.0], [122415000.0, 0.0882], [122410000.0, 0.0016]], "asks": [[122453000.0, 0.0539], [122466000.0, 0.0247], [122467000.0, 0.022], [122468000.0, 0.0168], [122469000.0, 0.0462], [122470000.0, 0.0114], [122478000.0, 0.0173], [122479000.0, 0.0217], [122480000.0, 0.0008], [122483000.0, 0.0129]]},
{"timestamp": "1743771290868", "bids": [[122448000.0, 0.0001], [122447000.0, 0.7312], [122446000.0, 0.0388], [122444000.0, 0.0], [122434000.0, 0.0007], [122430000.0, 0.0115], [122428000.0, 0.0016], [122425000.0, 0.0041], [122424000.0, 0.0], [122415000.0, 0.0882]], "asks": [[122453000.0, 0.0539], [122466000.0, 0.0247], [122468000.0, 0.0168], [122469000.0, 0.0462], [122470000.0, 0.0114], [122479000.0, 0.0217], [122480000.0, 0.0008], [122483000.0, 0.0129], [122484000.0, 0.0327], [122485000.0, 0.0126]]},
{"timestamp": "1743771291372", "bids": [[122448000.0, 0.0193], [122447000.0, 0.7312], [122446000.0, 0.0388], [122444000.0, 0.0], [122434000.0, 0.0007], [122430000.0, 0.0115], [122428000.0, 0.0016], [122425000.0, 0.0041], [122424000.0, 0.0], [122415000.0, 0.0882]], "asks": [[122453000.0, 0.0539], [122474000.0, 0.0227], [122480000.0, 0.0008], [122483000.0, 0.0129], [122484000.0, 0.0183], [122488000.0, 0.0362], [122490000.0, 0.0347], [122492000.0, 0.0008], [122495000.0, 0.0178], [122498000.0, 0.0176]]},
{"timestamp": "1743771291867", "bids": [[122452000.0, 0.0], [122447000.0, 0.7312], [122446000.0, 0.0388], [122444000.0, 0.0], [122434000.0, 0.0007], [122430000.0, 0.0115], [122428000.0, 0.0016], [122425000.0, 0.0041], [122424000.0, 0.0], [122415000.0, 0.0882]], "asks": [[122453000.0, 0.0539], [122474000.0, 0.04], [122475000.0, 0.0168], [122476000.0, 0.0467], [122478000.0, 0.0242], [122480000.0, 0.0008], [122487000.0, 0.0799], [122490000.0, 0.0166], [122492000.0, 0.0008], [122495000.0, 0.0304]]},
{"timestamp": "1743771292364", "bids": [[122447000.0, 0.7312], [122446000.0, 0.0388], [122444000.0, 0.0], [122434000.0, 0.0007], [122430000.0, 0.0115], [122428000.0, 0.0016], [122425000.0, 0.0041], [122424000.0, 0.0], [122415000.0, 0.0882], [122410000.0, 0.0016]], "asks": [[122453000.0, 0.0568], [122476000.0, 0.0198], [122477000.0, 0.0114], [122478000.0, 0.0264], [122480000.0, 0.0008], [122487000.0, 0.0799], [122488000.0, 0.0217], [122489000.0, 0.0799], [122492000.0, 0.0008], [122494000.0, 0.0144]]},
{"timestamp": "1743771292870", "bids": [[122447000.0, 0.7311], [122446000.0, 0.0388], [122444000.0, 0.0], [122434000.0, 0.0007], [122430000.0, 0.0115], [122428000.0, 0.0016], [122425000.0, 0.0041], [122424000.0, 0.0], [122415000.0, 0.0882], [122410000.0, 0.0016]], "asks": [[122453000.0, 0.0467], [122476000.0, 0.0198], [122477000.0, 0.0114], [122478000.0, 0.0264], [122479000.0, 0.0467], [122480000.0, 0.0008], [122488000.0, 0.0217], [122492000.0, 0.0008], [122493000.0, 0.0183], [122495000.0, 0.013]]},
{"timestamp": "1743771293367", "bids": [[122447000.0, 0.7311], [122446000.0, 0.0388], [122444000.0, 0.0], [122434000.0, 0.0007], [122433000.0, 0.004], [122430000.0, 0.0115], [122428000.0, 0.0016], [122425000.0, 0.0041], [122424000.0, 0.0], [122415000.0, 0.0882]], "asks": [[122452000.0, 0.0107], [122453000.0, 0.0467], [122476000.0, 0.0198], [122477000.0, 0.0919], [122478000.0, 0.0264], [122479000.0, 0.0467], [122480000.0, 0.0008], [122488000.0, 0.0217], [122492000.0, 0.037], [122495000.0, 0.013]]},
{"timestamp": "1743771293872", "bids": [[122447000.0, 0.7311], [122446000.0, 0.0388], [122444000.0, 0.0], [122434000.0, 0.0007], [122433000.0, 0.004], [122430000.0, 0.0115], [122428000.0, 0.0016], [122425000.0, 0.0041], [122424000.0, 0.0], [122415000.0, 0.0882]], "asks": [[122452000.0, 0.0109], [122453000.0, 0.0467], [122467000.0, 0.0173], [122468000.0, 0.041], [122469000.0, 0.0227], [122475000.0, 0.0805], [122477000.0, 0.0805], [122480000.0, 0.0008], [122481000.0, 0.0144], [122482000.0, 0.0166]]},
{"timestamp": "1743771294369", "bids": [[122447000.0, 0.7311], [122446000.0, 0.038], [122444000.0, 0.0], [122434000.0, 0.0007], [122433000.0, 0.004], [122430000.0, 0.0115], [122428000.0, 0.0016], [122425000.0, 0.0041], [122424000.0, 0.0], [122415000.0, 0.0882]], "asks": [[122453000.0, 0.0467], [122467000.0, 0.0173], [122468000.0, 0.041], [122469000.0, 0.0227], [122473000.0, 0.0183], [122475000.0, 0.0805], [122477000.0, 0.0805], [122478000.0, 0.0126], [122479000.0, 0.0181], [122480000.0, 0.0008]]},
{"timestamp": "1743771294865", "bids": [[122447000.0, 0.7311], [122446000.0, 0.038], [122444000.0, 0.0], [122434000.0, 0.0007], [122433000.0, 0.004], [122430000.0, 0.0115], [122428000.0, 0.0016], [122425000.0, 0.0041], [122424000.0, 0.0], [122415000.0, 0.0882]], "asks": [[122453000.0, 0.0467], [122459000.0, 0.0665], [122460000.0, 0.0114], [122461000.0, 0.0264], [122467000.0, 0.0173], [122468000.0, 0.041], [122469000.0, 0.0227], [122471000.0, 0.0217], [122473000.0, 0.0183], [122475000.0, 0.0129]]},
{"timestamp": "1743771295373", "bids": [[122447000.0, 0.7311], [122446000.0, 0.038], [122444000.0, 0.0], [122434000.0, 0.0007], [122433000.0, 0.004], [122430000.0, 0.0115], [122428000.0, 0.0016], [122425000.0, 0.0041], [122424000.0, 0.0], [122415000.0, 0.0882]], "asks": [[122453000.0, 0.0467], [122459000.0, 0.0665], [122460000.0, 0.0114], [122461000.0, 0.0264], [122467000.0, 0.0173], [122468000.0, 0.041], [122469000.0, 0.0227], [122471000.0, 0.0217], [122473000.0, 0.0183], [122475000.0, 0.0129]]},
{"timestamp": "1743771295868", "bids": [[122447000.0, 0.7311], [122446000.0, 0.038], [122444000.0, 0.0], [122434000.0, 0.0007], [122433000.0, 0.004], [122430000.0, 0.0115], [122428000.0, 0.0016], [122425000.0, 0.0041], [122424000.0, 0.0], [122419000.0, 0.0002]], "asks": [[122453000.0, 0.0467], [122459000.0, 0.0665], [122460000.0, 0.0114], [122461000.0, 0.0264], [122467000.0, 0.0173], [122468000.0, 0.041], [122469000.0, 0.0227], [122471000.0, 0.0217], [122473000.0, 0.0183], [122475000.0, 0.0129]]},
{"timestamp": "1743771296364", "bids": [[122447000.0, 0.7304], [122446000.0, 0.038], [122444000.0, 0.0], [122434000.0, 0.0007], [122433000.0, 0.004], [122430000.0, 0.0115], [122428000.0, 0.0016], [122425000.0, 0.0041], [122424000.0, 0.0], [122419000.0, 0.0002]], "asks": [[122453000.0, 0.0467], [122459000.0, 0.0665], [122460000.0, 0.0114], [122461000.0, 0.0264], [122467000.0, 0.0173], [122468000.0, 0.041], [122469000.0, 0.0227], [122471000.0, 0.0217], [122473000.0, 0.0183], [122475000.0, 0.0129]]},
{"timestamp": "1743771296873", "bids": [[122447000.0, 0.7304], [122446000.0, 0.038], [122444000.0, 0.0], [122434000.0, 0.0007], [122433000.0, 0.004], [122430000.0, 0.0115], [122428000.0, 0.0016], [122425000.0, 0.0041], [122424000.0, 0.0], [122419000.0, 0.0002]], "asks": [[122453000.0, 0.0467], [122459000.0, 0.0665], [122460000.0, 0.0114], [122461000.0, 0.0264], [122467000.0, 0.0173], [122468000.0, 0.041], [122469000.0, 0.0227], [122471000.0, 0.0217], [122473000.0, 0.0183], [122475000.0, 0.0129]]},
{"timestamp": "1743771297366", "bids": [[122447000.0, 0.7304], [122446000.0, 0.038], [122444000.0, 0.0], [122434000.0, 0.0007], [122433000.0, 0.004], [122430000.0, 0.0115], [122428000.0, 0.0016], [122425000.0, 0.0041], [122424000.0, 0.0], [122419000.0, 0.0002]], "asks": [[122453000.0, 0.0467], [122459000.0, 0.0665], [122460000.0, 0.0114], [122461000.0, 0.0264], [122467000.0, 0.0173], [122468000.0, 0.041], [122469000.0, 0.0227], [122471000.0, 0.0217], [122473000.0, 0.0183], [122475000.0, 0.0129]]},
{"timestamp": "1743771297868", "bids": [[122447000.0, 0.7304], [122446000.0, 0.038], [122444000.0, 0.0], [122434000.0, 0.0007], [122433000.0, 0.004], [122430000.0, 0.0115], [122428000.0, 0.0016], [122425000.0, 0.0041], [122424000.0, 0.0], [122419000.0, 0.0002]], "asks": [[122453000.0, 0.0467], [122459000.0, 0.0665], [122460000.0, 0.0114], [122461000.0, 0.0264], [122467000.0, 0.0173], [122468000.0, 0.041], [122469000.0, 0.0227], [122471000.0, 0.0217], [122473000.0, 0.0183], [122475000.0, 0.0129]]},
{"timestamp": "1743771298368", "bids": [[122447000.0, 0.7304], [122446000.0, 0.038], [122444000.0, 0.0], [122434000.0, 0.0007], [122433000.0, 0.004], [122430000.0, 0.0115], [122428000.0, 0.0016], [122425000.0, 0.0041], [122424000.0, 0.0], [122419000.0, 0.0002]], "asks": [[122453000.0, 0.0467], [122459000.0, 0.0665], [122460000.0, 0.0114], [122461000.0, 0.0264], [122467000.0, 0.0173], [122468000.0, 0.041], [122469000.0, 0.0227], [122471000.0, 0.0217], [122473000.0, 0.0183], [122475000.0, 0.0129]]},
{"timestamp": "1743771298868", "bids": [[122447000.0, 0.7304], [122446000.0, 0.038], [122444000.0, 0.0], [122434000.0, 0.0007], [122433000.0, 0.004], [122430000.0, 0.0115], [122428000.0, 0.0016], [122425000.0, 0.0041], [122424000.0, 0.0], [122419000.0, 0.0002]], "asks": [[122453000.0, 0.0463], [122459000.0, 0.0665], [122460000.0, 0.0114], [122461000.0, 0.0264], [122467000.0, 0.0173], [122468000.0, 0.041], [122469000.0, 0.0227], [122471000.0, 0.0217], [122473000.0, 0.0183], [122475000.0, 0.0129]]},
{"timestamp": "1743771299370", "bids": [[122447000.0, 0.7304], [122446000.0, 0.038], [122444000.0, 0.0], [122434000.0, 0.0007], [122433000.0, 0.004], [122430000.0, 0.0115], [122428000.0, 0.0016], [122425000.0, 0.0041], [122424000.0, 0.0], [122419000.0, 0.0002]], "asks": [[122453000.0, 0.0463], [122459000.0, 0.0665], [122460000.0, 0.0114], [122461000.0, 0.0264], [122467000.0, 0.0173], [122468000.0, 0.041], [122469000.0, 0.0227], [122471000.0, 0.0217], [122472000.0, 0.0362], [122473000.0, 0.0183]]},
{"timestamp": "1743771299874", "bids": [[122447000.0, 0.7304], [122446000.0, 0.038], [122444000.0, 0.0], [122434000.0, 0.0007], [122433000.0, 0.004], [122430000.0, 0.0115], [122428000.0, 0.0016], [122425000.0, 0.0041], [122424000.0, 0.0], [122419000.0, 0.0002]], "asks": [[122453000.0, 0.0463], [122459000.0, 0.0445], [122460000.0, 0.0114], [122461000.0, 0.0264], [122468000.0, 0.0242], [122471000.0, 0.0217], [122472000.0, 0.0362], [122473000.0, 0.0183], [122475000.0, 0.0129], [122476000.0, 0.0144]]},
{"timestamp": "1743771300365", "bids": [[122447000.0, 0.7136], [122446000.0, 0.038], [122444000.0, 0.0], [122434000.0, 0.0007], [122433000.0, 0.004], [122430000.0, 0.0115], [122428000.0, 0.0016], [122425000.0, 0.0041], [122424000.0, 0.0], [122419000.0, 0.0002]], "asks": [[122448000.0, 0.0227], [122452000.0, 0.0022], [122453000.0, 0.0463], [122469000.0, 0.0358], [122470000.0, 0.0174], [122476000.0, 0.0167], [122479000.0, 0.033], [122480000.0, 0.0008], [122481000.0, 0.0255], [122491000.0, 0.0225]]},
{"timestamp": "1743771300871", "bids": [[122447000.0, 0.6963], [122446000.0, 0.038], [122444000.0, 0.0], [122434000.0, 0.0007], [122433000.0, 0.004], [122430000.0, 0.0115], [122428000.0, 0.0016], [122425000.0, 0.0041], [122424000.0, 0.0], [122419000.0, 0.0002]], "asks": [[122448000.0, 0.0694], [122451000.0, 0.0242], [122452000.0, 0.0015], [122453000.0, 0.0463], [122460000.0, 0.0217], [122463000.0, 0.0183], [122464000.0, 0.0166], [122467000.0, 0.0126], [122468000.0, 0.0199], [122469000.0, 0.058]]},
{"timestamp": "1743771301366", "bids": [[122447000.0, 0.6963], [122446000.0, 0.038], [122444000.0, 0.0], [122434000.0, 0.0007], [122433000.0, 0.004], [122430000.0, 0.0115], [122428000.0, 0.0016], [122425000.0, 0.0041], [122424000.0, 0.0], [122419000.0, 0.0002]], "asks": [[122449000.0, 0.0114], [122453000.0, 0.0463], [122460000.0, 0.0217], [122463000.0, 0.1351], [122464000.0, 0.0129], [122466000.0, 0.0144], [122468000.0, 0.0199], [122469000.0, 0.0181], [122470000.0, 0.0324], [122471000.0, 0.1155]]},
{"timestamp": "1743771301886", "bids": [[122447000.0, 0.6765], [122446000.0, 0.038], [122444000.0, 0.0], [122434000.0, 0.0007], [122433000.0, 0.004], [122430000.0, 0.0115], [122428000.0, 0.0016], [122425000.0, 0.0041], [122424000.0, 0.0], [122419000.0, 0.0002]], "asks": [[122448000.0, 0.0116], [122449000.0, 0.0114], [122451000.0, 0.0264], [122453000.0, 0.0463], [122463000.0, 0.1168], [122464000.0, 0.0129], [122466000.0, 0.0144], [122470000.0, 0.0153], [122471000.0, 0.035], [122479000.0, 0.016]]},
{"timestamp": "1743771302375", "bids": [[122447000.0, 0.6303], [122446000.0, 0.038], [122444000.0, 0.0], [122434000.0, 0.0007], [122433000.0, 0.004], [122430000.0, 0.0115], [122428000.0, 0.0016], [122425000.0, 0.0041], [122424000.0, 0.0], [122419000.0, 0.0002]], "asks": [[122448000.0, 0.0116], [122449000.0, 0.0114], [122451000.0, 0.0264], [122453000.0, 0.0629], [122454000.0, 0.0126], [122456000.0, 0.0174], [122458000.0, 0.0399], [122462000.0, 0.0578], [122463000.0, 0.1168], [122464000.0, 0.0129]]},
{"timestamp": "1743771302872", "bids": [[122447000.0, 0.5613], [122446000.0, 0.038], [122444000.0, 0.0], [122434000.0, 0.0007], [122433000.0, 0.004], [122430000.0, 0.0115], [122428000.0, 0.0016], [122425000.0, 0.0041], [122424000.0, 0.0], [122419000.0, 0.0002]], "asks": [[122451000.0, 0.0144], [122453000.0, 0.0828], [122456000.0, 0.0341], [122458000.0, 0.067], [122459000.0, 0.0385], [122461000.0, 0.0322], [122462000.0, 0.1639], [122464000.0, 0.0166], [122465000.0, 0.0827], [122466000.0, 0.0406]]},
{"timestamp": "1743771303365", "bids": [[122447000.0, 0.5192], [122446000.0, 0.038], [122444000.0, 0.0], [122434000.0, 0.0007], [122433000.0, 0.004], [122430000.0, 0.0115], [122428000.0, 0.0016], [122425000.0, 0.0041], [122424000.0, 0.0], [122419000.0, 0.0002]], "asks": [[122450000.0, 0.0129], [122451000.0, 0.0144], [122453000.0, 0.0629], [122456000.0, 0.0167], [122457000.0, 0.0362], [122458000.0, 0.0448], [122459000.0, 0.0209], [122464000.0, 0.0166], [122465000.0, 0.0827], [122466000.0, 0.0406]]},
{"timestamp": "1743771303866", "bids": [[122447000.0, 0.4704], [122446000.0, 0.038], [122444000.0, 0.0], [122434000.0, 0.0007], [122433000.0, 0.004], [122430000.0, 0.0115], [122428000.0, 0.0016], [122425000.0, 0.0041], [122424000.0, 0.0], [122419000.0, 0.0002]], "asks": [[122449000.0, 0.0251], [122450000.0, 0.0996], [122451000.0, 0.0144], [122453000.0, 0.0629], [122457000.0, 0.0362], [122458000.0, 0.0177], [122462000.0, 0.0233], [122464000.0, 0.0166], [122469000.0, 0.0185], [122480000.0, 0.0008]]},
{"timestamp": "1743771304365", "bids": [[122425000.0, 0.0041], [122424000.0, 0.0], [122419000.0, 0.0002], [122415000.0, 0.0882], [122410000.0, 0.0016], [122409000.0, 0.0021], [122408000.0, 0.0], [122407000.0, 0.0], [122406000.0, 0.0003], [122404000.0, 0.0]], "asks": [[122428000.0, 0.0026], [122432000.0, 0.033], [122434000.0, 0.0342], [122437000.0, 0.2934], [122439000.0, 0.0253], [122441000.0, 0.0327], [122443000.0, 0.0183], [122449000.0, 0.0251], [122450000.0, 0.1191], [122451000.0, 0.035]]},
{"timestamp": "1743771304869", "bids": [[122419000.0, 0.0002], [122415000.0, 0.0882], [122410000.0, 0.0016], [122409000.0, 0.0021], [122408000.0, 0.0], [122407000.0, 0.0], [122406000.0, 0.0003], [122404000.0, 0.0], [122400000.0, 0.0189], [122396000.0, 0.0002]], "asks": [[122423000.0, 0.0282], [122428000.0, 0.0231], [122429000.0, 0.0167], [122431000.0, 0.0264], [122432000.0, 0.0849], [122434000.0, 0.0551], [122436000.0, 0.0322], [122437000.0, 0.0255], [122438000.0, 0.05], [122439000.0, 0.042]]},
{"timestamp": "1743771305369", "bids": [[122419000.0, 0.0002], [122415000.0, 0.0882], [122410000.0, 0.0016], [122409000.0, 0.0021], [122408000.0, 0.0], [122407000.0, 0.0], [122406000.0, 0.0003], [122404000.0, 0.0], [122400000.0, 0.0189], [122396000.0, 0.0002]], "asks": [[122422000.0, 0.0964], [122423000.0, 0.0282], [122424000.0, 0.0144], [122427000.0, 0.1505], [122428000.0, 0.0231], [122429000.0, 0.0167], [122431000.0, 0.1603], [122432000.0, 0.0578], [122434000.0, 0.0385], [122436000.0, 0.0488]]},
{"timestamp": "1743771305873", "bids": [[122400000.0, 0.0002], [122396000.0, 0.0002], [122394000.0, 0.0], [122392000.0, 0.0008], [122391000.0, 0.0008], [122390000.0, 0.0], [122388000.0, 0.0001], [122387000.0, 0.0016], [122385000.0, 0.0032], [122384000.0, 0.0013]], "asks": [[122410000.0, 0.2612], [122421000.0, 0.0015], [122422000.0, 0.0129], [122423000.0, 0.1619], [122424000.0, 0.0144], [122427000.0, 0.0166], [122428000.0, 0.0231], [122429000.0, 0.0167], [122430000.0, 0.0271], [122431000.0, 0.0264]]},
{"timestamp": "1743771306367", "bids": [[122400000.0, 0.0002], [122396000.0, 0.0002], [122394000.0, 0.0], [122392000.0, 0.0008], [122391000.0, 0.0008], [122390000.0, 0.0], [122388000.0, 0.0001], [122387000.0, 0.0016], [122385000.0, 0.0032], [122384000.0, 0.0013]], "asks": [[122409000.0, 0.14], [122410000.0, 0.005], [122421000.0, 0.0008], [122422000.0, 0.0129], [122423000.0, 0.1619], [122424000.0, 0.0144], [122427000.0, 0.0166], [122428000.0, 0.0231], [122429000.0, 0.0167], [122431000.0, 0.0264]]},
{"timestamp": "1743771306875", "bids": [[122400000.0, 0.0002], [122396000.0, 0.0002], [122394000.0, 0.0], [122392000.0, 0.0008], [122391000.0, 0.0008], [122390000.0, 0.0], [122388000.0, 0.0001], [122387000.0, 0.0016], [122385000.0, 0.0032], [122384000.0, 0.0013]], "asks": [[122408000.0, 0.0526], [122409000.0, 0.14], [122410000.0, 0.005], [122420000.0, 0.0166], [122421000.0, 0.0526], [122423000.0, 0.1619], [122424000.0, 0.0177], [122428000.0, 0.0009], [122429000.0, 0.0167], [122431000.0, 0.0264]]},
{"timestamp": "1743771307371", "bids": [[122396000.0, 0.0002], [122394000.0, 0.0], [122392000.0, 0.0008], [122391000.0, 0.0008], [122390000.0, 0.0], [122388000.0, 0.0001], [122387000.0, 0.0016], [122385000.0, 0.0032], [122384000.0, 0.0013], [122382000.0, 0.0002]], "asks": [[122409000.0, 0.135], [122420000.0, 0.0166], [122421000.0, 0.0526], [122423000.0, 0.0282], [122424000.0, 0.0177], [122425000.0, 0.0166], [122428000.0, 0.0271], [122434000.0, 0.0493], [122435000.0, 0.0239], [122436000.0, 0.0185]]},
{"timestamp": "1743771307867", "bids": [[122396000.0, 0.0002], [122394000.0, 0.0], [122392000.0, 0.0008], [122391000.0, 0.0008], [122390000.0, 0.0], [122388000.0, 0.0001], [122387000.0, 0.0016], [122385000.0, 0.0032], [122384000.0, 0.0013], [122382000.0, 0.0002]], "asks": [[122419000.0, 0.0526], [122420000.0, 0.0295], [122421000.0, 0.0144], [122423000.0, 0.0282], [122424000.0, 0.0177], [122425000.0, 0.0166], [122428000.0, 0.0271], [122434000.0, 0.0493], [122435000.0, 0.0239], [122436000.0, 0.0185]]},
{"timestamp": "1743771308443", "bids": [[122396000.0, 0.0002], [122394000.0, 0.0], [122392000.0, 0.0016], [122391000.0, 0.0008], [122390000.0, 0.0004], [122388000.0, 0.0001], [122387000.0, 0.0016], [122385000.0, 0.0032], [122384000.0, 0.0013], [122382000.0, 0.0002]], "asks": [[122420000.0, 0.0295], [122421000.0, 0.0144], [122422000.0, 0.0526], [122423000.0, 0.0282], [122424000.0, 0.0177], [122425000.0, 0.0166], [122428000.0, 0.0271], [122433000.0, 0.1351], [122434000.0, 0.0493], [122435000.0, 0.0239]]},
{"timestamp": "1743771308871", "bids": [[122396000.0, 0.0002], [122394000.0, 0.0], [122392000.0, 0.0016], [122391000.0, 0.0008], [122390000.0, 0.0004], [122388000.0, 0.0001], [122387000.0, 0.0016], [122385000.0, 0.0032], [122384000.0, 0.0013], [122382000.0, 0.0002]], "asks": [[122420000.0, 0.0295], [122421000.0, 0.0144], [122423000.0, 0.0282], [122424000.0, 0.0177], [122425000.0, 0.0166], [122428000.0, 0.0271], [122433000.0, 0.1351], [122434000.0, 0.0493], [122435000.0, 0.0239], [122436000.0, 0.0185]]},
{"timestamp": "1743771309370", "bids": [[122396000.0, 0.0002], [122394000.0, 0.0], [122392000.0, 0.0016], [122391000.0, 0.0008], [122390000.0, 0.0004], [122388000.0, 0.0001], [122387000.0, 0.0016], [122385000.0, 0.0032], [122384000.0, 0.0013], [122382000.0, 0.0002]], "asks": [[122419000.0, 0.0526], [122420000.0, 0.0295], [122421000.0, 0.0144], [122423000.0, 0.0282], [122424000.0, 0.0177], [122425000.0, 0.0166], [122428000.0, 0.0271], [122433000.0, 0.1351], [122434000.0, 0.0493], [122435000.0, 0.0239]]},
{"timestamp": "1743771309867", "bids": [[122396000.0, 0.0002], [122394000.0, 0.0], [122392000.0, 0.0016], [122391000.0, 0.0008], [122390000.0, 0.0004], [122388000.0, 0.0042], [122387000.0, 0.0016], [122385000.0, 0.0032], [122384000.0, 0.0013], [122382000.0, 0.0002]], "asks": [[122420000.0, 0.0295], [122421000.0, 0.0144], [122422000.0, 0.0526], [122423000.0, 0.0282], [122424000.0, 0.0177], [122425000.0, 0.0166], [122428000.0, 0.0271], [122434000.0, 0.0493], [122435000.0, 0.0239], [122436000.0, 0.0185]]},
{"timestamp": "1743771310369", "bids": [[122396000.0, 0.0002], [122394000.0, 0.0], [122392000.0, 0.0016], [122391000.0, 0.0008], [122390000.0, 0.0004], [122388000.0, 0.0042], [122387000.0, 0.0016], [122385000.0, 0.0032], [122384000.0, 0.0013], [122382000.0, 0.0002]], "asks": [[122420000.0, 0.0295], [122421000.0, 0.0144], [122422000.0, 0.0526], [122423000.0, 0.0282], [122424000.0, 0.0177], [122425000.0, 0.0166], [122428000.0, 0.0271], [122434000.0, 0.0493], [122435000.0, 0.0239], [122436000.0, 0.0185]]},
{"timestamp": "1743771310869", "bids": [[122396000.0, 0.0002], [122394000.0, 0.0], [122392000.0, 0.0016], [122391000.0, 0.0008], [122390000.0, 0.0004], [122388000.0, 0.0042], [122387000.0, 0.0016], [122385000.0, 0.0032], [122384000.0, 0.0013], [122382000.0, 0.0002]], "asks": [[122419000.0, 0.1877], [122420000.0, 0.0295], [122421000.0, 0.0144], [122423000.0, 0.0282], [122424000.0, 0.0177], [122425000.0, 0.0166], [122428000.0, 0.0271], [122434000.0, 0.0493], [122435000.0, 0.0239], [122436000.0, 0.0185]]},
{"timestamp": "1743771311375", "bids": [[122396000.0, 0.0002], [122394000.0, 0.0], [122392000.0, 0.0016], [122391000.0, 0.0008], [122390000.0, 0.0004], [122388000.0, 0.0042], [122387000.0, 0.0016], [122385000.0, 0.0032], [122384000.0, 0.0013], [122382000.0, 0.0002]], "asks": [[122418000.0, 0.1868], [122420000.0, 0.0295], [122421000.0, 0.0144], [122423000.0, 0.0282], [122424000.0, 0.0177], [122425000.0, 0.0166], [122428000.0, 0.0271], [122434000.0, 0.0493], [122435000.0, 0.0239], [122436000.0, 0.0185]]},
{"timestamp": "1743771311876", "bids": [[122396000.0, 0.0002], [122394000.0, 0.0], [122392000.0, 0.0016], [122391000.0, 0.0008], [122390000.0, 0.0004], [122388000.0, 0.0042], [122387000.0, 0.0016], [122385000.0, 0.0032], [122384000.0, 0.0013], [122382000.0, 0.0002]], "asks": [[122420000.0, 0.0295], [122421000.0, 0.0144], [122423000.0, 0.0282], [122424000.0, 0.0177], [122425000.0, 0.0166], [122428000.0, 0.0271], [122434000.0, 0.0493], [122435000.0, 0.0239], [122436000.0, 0.0185], [122438000.0, 0.0251]]},
{"timestamp": "1743771312370", "bids": [[122396000.0, 0.001], [122394000.0, 0.0], [122392000.0, 0.0016], [122391000.0, 0.0008], [122390000.0, 0.0004], [122388000.0, 0.0042], [122387000.0, 0.0016], [122385000.0, 0.0032], [122384000.0, 0.0013], [122382000.0, 0.0002]], "asks": [[122420000.0, 0.0295], [122421000.0, 0.0144], [122422000.0, 0.0517], [122423000.0, 0.0282], [122424000.0, 0.0177], [122425000.0, 0.0166], [122428000.0, 0.0271], [122433000.0, 0.1351], [122434000.0, 0.0493], [122435000.0, 0.0239]]},
{"timestamp": "1743771312872", "bids": [[122396000.0, 0.001], [122394000.0, 0.0], [122392000.0, 0.0016], [122391000.0, 0.0008], [122390000.0, 0.0004], [122388000.0, 0.0042], [122387000.0, 0.0016], [122385000.0, 0.0032], [122384000.0, 0.0013], [122382000.0, 0.0002]], "asks": [[122414000.0, 0.0222], [122419000.0, 0.0546], [122420000.0, 0.031], [122421000.0, 0.0898], [122422000.0, 0.1351], [122423000.0, 0.0537], [122428000.0, 0.0253], [122430000.0, 0.0327], [122431000.0, 0.0213], [122437000.0, 0.0186]]},
{"timestamp": "1743771313379", "bids": [[122396000.0, 0.001], [122394000.0, 0.0], [122392000.0, 0.0016], [122391000.0, 0.0008], [122390000.0, 0.0004], [122388000.0, 0.0042], [122387000.0, 0.0016], [122385000.0, 0.0032], [122384000.0, 0.0013], [122382000.0, 0.0002]], "asks": [[122411000.0, 0.0183], [122414000.0, 0.0222], [122418000.0, 0.0491], [122419000.0, 0.1897], [122420000.0, 0.0181], [122421000.0, 0.0754], [122422000.0, 0.038], [122423000.0, 0.0537], [122425000.0, 0.0322], [122427000.0, 0.073]]},
{"timestamp": "1743771313872", "bids": [[122396000.0, 0.001], [122394000.0, 0.0], [122392000.0, 0.0016], [122391000.0, 0.0008], [122390000.0, 0.0004], [122388000.0, 0.0042], [122387000.0, 0.0016], [122385000.0, 0.0032], [122384000.0, 0.0013], [122382000.0, 0.0002]], "asks": [[122398000.0, 0.0264], [122411000.0, 0.0183], [122413000.0, 0.0517], [122414000.0, 0.0222], [122418000.0, 0.0672], [122419000.0, 0.141], [122420000.0, 0.0631], [122421000.0, 0.0754], [122422000.0, 0.038], [122423000.0, 0.0255]]},
