[
{"timestamp": 1743771199519, "bids": [[122410000.0, 0.10989291], [122400000.0, 0.02], [122390000.0, 0.00881266], [122380000.0, 0.0547], [122370000.0, 0.00862878], [122330000.0, 0.37889269], [122320000.0, 0.00841765], [122310000.0, 0.00040879], [122300000.0, 0.02], [122130000.0, 0.00268188]], "asks": [[122940000.0, 0.0655844], [122870000.0, 0.00014189], [122860000.0, 0.00081393], [122850000.0, 0.11182437], [122800000.0, 0.00010034], [122790000.0, 0.00070452], [122740000.0, 0.02783972], [122630000.0, 0.39452268], [122610000.0, 0.02], [122570000.0, 0.00823377]]},
{"timestamp": 1743771209546, "bids": [[122410000.0, 0.10989291], [122400000.0, 0.02], [122390000.0, 0.00881266], [122380000.0, 0.0547], [122370000.0, 0.00862878], [122330000.0, 0.37889269], [122320000.0, 0.00841765], [122310000.0, 0.00040879], [122300000.0, 0.02], [122130000.0, 0.00268188]], "asks": [[122870000.0, 0.00014189], [122860000.0, 0.00081393], [122850000.0, 0.11182437], [122800000.0, 0.00010034], [122790000.0, 0.00070452], [122740000.0, 0.02783972], [122640000.0, 0.38963054], [122630000.0, 0.00487916], [122610000.0, 0.02], [122570000.0, 0.00823377]]},
{"timestamp": 1743771209694, "bids": [[122410000.0, 0.10989291], [122400000.0, 0.02], [122390000.0, 0.00881266], [122380000.0, 0.0547], [122370000.0, 0.00862878], [122330000.0, 0.37889269], [122320000.0, 0.00841765], [122310000.0, 0.00040879], [122300000.0, 0.02], [122120000.0, 0.10716003]], "asks": [[122870000.0, 0.00014189], [122860000.0, 0.00081393], [122850000.0, 0.11182437], [122800000.0, 0.00010034], [122790000.0, 0.00070452], [122740000.0, 0.02783972], [122640000.0, 0.38963054], [122630000.0, 0.00487916], [122610000.0, 0.02], [122570000.0, 0.00823377]]},
{"timestamp": 1743771209921, "bids": [[122410000.0, 0.10989291], [122400000.0, 0.02], [122390000.0, 0.00881266], [122380000.0, 0.0547], [122370000.0, 0.00862878], [122330000.0, 0.37889269], [122320000.0, 0.00841765], [122310000.0, 0.00040879], [122300000.0, 0.02], [122120000.0, 0.10716003]], "asks": [[122870000.0, 0.00014189], [122860000.0, 0.00081393], [122850000.0, 0.11182437], [122800000.0, 0.00010034], [122790000.0, 0.00070452], [122740000.0, 0.02783972], [122640000.0, 0.38963054], [122630000.0, 0.00487916], [122610000.0, 0.02], [122570000.0, 0.04293377]]},
{"timestamp": 1743771210318, "bids": [[122410000.0, 0.10989291], [122400000.0, 0.02], [122390000.0, 0.00881266], [122380000.0, 0.0547], [122370000.0, 0.00862878], [122350000.0, 0.00589463], [122330000.0, 0.37889269], [122320000.0, 0.00841765], [122310000.0, 0.00040879], [122300000.0, 0.02]], "asks": [[122870000.0, 0.00014189], [122860000.0, 0.00081393], [122850000.0, 0.11182437], [122800000.0, 0.00010034], [122790000.0, 0.00070452], [122740000.0, 0.02783972], [122640000.0, 0.38963054], [122630000.0, 0.00487916], [122610000.0, 0.02], [122570000.0, 0.04293377]]},
{"timestamp": 1743771210431, "bids": [[122410000.0, 0.10989291], [122400000.0, 0.02], [122390000.0, 0.00881266], [122380000.0, 0.0547], [122370000.0, 0.00862878], [122350000.0, 0.02938272], [122330000.0, 0.34954036], [122320000.0, 0.00841765], [122310000.0, 0.00040879], [122300000.0, 0.02]], "asks": [[122870000.0, 0.00014189], [122860000.0, 0.00081393], [122850000.0, 0.11182437], [122800000.0, 0.00010034], [122790000.0, 0.00070452], [122740000.0, 0.02783972], [122640000.0, 0.38963054], [122630000.0, 0.00487916], [122610000.0, 0.02], [122570000.0, 0.04293377]]},
{"timestamp": 1743771210570, "bids": [[122410000.0, 0.10989291], [122400000.0, 0.02], [122390000.0, 0.00881266], [122380000.0, 0.0547], [122370000.0, 0.00862878], [122350000.0, 0.02938272], [122330000.0, 0.34954036], [122320000.0, 0.00841765], [122310000.0, 0.00040879], [122300000.0, 0.02]], "asks": [[122870000.0, 0.00014189], [122860000.0, 0.00081393], [122850000.0, 0.11182437], [122800000.0, 0.00010034], [122790000.0, 0.00070452], [122740000.0, 0.02783972], [122640000.0, 0.38963054], [122630000.0, 0.00487916], [122610000.0, 0.02], [122570000.0, 0.04293377]]},
{"timestamp": 1743771211653, "bids": [[122410000.0, 0.10989291], [122400000.0, 0.02], [122390000.0, 0.00881266], [122380000.0, 0.0547], [122370000.0, 0.00862878], [122350000.0, 0.02938272], [122330000.0, 0.34954036], [122320000.0, 0.00841765], [122310000.0, 0.00040879], [122300000.0, 0.02]], "asks": [[122870000.0, 0.00014189], [122860000.0, 0.00081393], [122850000.0, 0.11182437], [122800000.0, 0.00010034], [122790000.0, 0.00070452], [122740000.0, 0.02783972], [122640000.0, 0.38963054], [122630000.0, 0.00487916], [122610000.0, 0.02], [122570000.0, 0.04293377]]},
{"timestamp": 1743771212158, "bids": [[122410000.0, 0.10989291], [122400000.0, 0.02], [122390000.0, 0.00881266], [122380000.0, 0.0547], [122370000.0, 0.00862878], [122350000.0, 0.02938272], [122330000.0, 0.34954036], [122320000.0, 0.00841765], [122310000.0, 0.00040879], [122300000.0, 0.02]], "asks": [[122870000.0, 0.00014189], [122860000.0, 0.00081393], [122850000.0, 0.11182437], [122800000.0, 0.00010034], [122790000.0, 0.00070452], [122740000.0, 0.02783972], [122640000.0, 0.38963054], [122630000.0, 0.00487916], [122610000.0, 0.02], [122570000.0, 0.04293377]]},
{"timestamp": 1743771212607, "bids": [[122410000.0, 0.10989291], [122400000.0, 0.0547], [122390000.0, 0.00881266], [122380000.0, 0.02], [122370000.0, 0.00862878], [122350000.0, 0.02938272], [122330000.0, 0.34954036], [122320000.0, 0.00841765], [122310000.0, 0.00040879], [122300000.0, 0.02]], "asks": [[122870000.0, 0.00014189], [122860000.0, 0.00081393], [122850000.0, 0.11182437], [122800000.0, 0.00010034], [122790000.0, 0.00070452], [122740000.0, 0.02783972], [122640000.0, 0.38963054], [122630000.0, 0.00487916], [122610000.0, 0.02], [122570000.0, 0.04293377]]},
{"timestamp": 1743771213072, "bids": [[122410000.0, 0.10989291], [122400000.0, 0.0547], [122390000.0, 0.00881266], [122380000.0, 0.02], [122370000.0, 0.00862878], [122350000.0, 0.02938272], [122330000.0, 0.34954036], [122320000.0, 0.00841765], [122310000.0, 0.00040879], [122300000.0, 0.02]], "asks": [[122870000.0, 0.00014189], [122860000.0, 0.00081393], [122850000.0, 0.11182437], [122800000.0, 0.00010034], [122790000.0, 0.00070452], [122740000.0, 0.02783972], [122640000.0, 0.38963054], [122630000.0, 0.00487916], [122610000.0, 0.02], [122570000.0, 0.04293377]]},
{"timestamp": 1743771213212, "bids": [[122410000.0, 0.10989291], [122400000.0, 0.0547], [122390000.0, 0.00881266], [122380000.0, 0.02], [122370000.0, 0.00862878], [122350000.0, 0.02938272], [122330000.0, 0.34954036], [122320000.0, 0.00841765], [122310000.0, 0.00040879], [122300000.0, 0.02]], "asks": [[122870000.0, 0.00014189], [122860000.0, 0.00081393], [122850000.0, 0.11182437], [122800000.0, 0.00010034], [122790000.0, 0.00070452], [122740000.0, 0.02783972], [122640000.0, 0.38963054], [122630000.0, 0.02478985], [122610000.0, 0.02], [122570000.0, 0.04293377]]},
{"timestamp": 1743771214305, "bids": [[122420000.0, 0.02], [122410000.0, 0.10989291], [122400000.0, 0.0547], [122390000.0, 0.00881266], [122370000.0, 0.00862878], [122350000.0, 0.02938272], [122330000.0, 0.34954036], [122320000.0, 0.00841765], [122310000.0, 0.00040879], [122300000.0, 0.02]], "asks": [[122940000.0, 0.0655844], [122870000.0, 0.00014189], [122860000.0, 0.00081393], [122850000.0, 0.11182437], [122800000.0, 0.00010034], [122790000.0, 0.00070452], [122740000.0, 0.02783972], [122630000.0, 0.02478985], [122610000.0, 0.02], [122570000.0, 0.00823377]]},
{"timestamp": 1743771214423, "bids": [[122430000.0, 0.1017], [122420000.0, 0.02], [122410000.0, 0.00819291], [122400000.0, 0.0547], [122390000.0, 0.00881266], [122370000.0, 0.00862878], [122350000.0, 0.02938272], [122330000.0, 0.34954036], [122320000.0, 0.00841765], [122310000.0, 0.00040879]], "asks": [[123010000.0, 0.00059161], [122960000.0, 0.00019957], [122940000.0, 0.0655844], [122870000.0, 0.00014189], [122860000.0, 0.00081393], [122850000.0, 0.11182437], [122800000.0, 0.00010034], [122790000.0, 0.00070452], [122740000.0, 0.02783972], [122650000.0, 0.02]]},
{"timestamp": 1743771214555, "bids": [[122440000.0, 0.00841765], [122430000.0, 0.1017], [122420000.0, 0.02], [122410000.0, 0.00819291], [122400000.0, 0.0547], [122390000.0, 0.00881266], [122370000.0, 0.00862878], [122350000.0, 0.02938272], [122330000.0, 0.34954036], [122320000.0, 0.00841765]], "asks": [[122960000.0, 0.00019957], [122940000.0, 0.0655844], [122870000.0, 0.00014189], [122860000.0, 0.00081393], [122850000.0, 0.11182437], [122800000.0, 0.00010034], [122790000.0, 0.00070452], [122740000.0, 0.02783972], [122650000.0, 0.02], [122630000.0, 0.02478985]]},
{"timestamp": 1743771214682, "bids": [[122440000.0, 0.00841765], [122430000.0, 0.46985059], [122420000.0, 0.02], [122410000.0, 0.00819291], [122400000.0, 0.0547], [122390000.0, 0.00881266], [122370000.0, 0.00862878], [122350000.0, 0.02938272], [122310000.0, 0.00040879], [122300000.0, 0.02]], "asks": [[122940000.0, 0.0655844], [122870000.0, 0.00014189], [122860000.0, 0.00081393], [122850000.0, 0.11182437], [122800000.0, 0.00010034], [122790000.0, 0.00070452], [122740000.0, 0.02783972], [122650000.0, 0.02], [122630000.0, 0.02478985], [122610000.0, 0.00869688]]},
{"timestamp": 1743771214796, "bids": [[122440000.0, 0.11011765], [122430000.0, 0.36815059], [122420000.0, 0.02], [122410000.0, 0.00819291], [122400000.0, 0.0547], [122390000.0, 0.00881266], [122370000.0, 0.00862878], [122350000.0, 0.02938272], [122310000.0, 0.00040879], [122300000.0, 0.02]], "asks": [[122940000.0, 0.0655844], [122870000.0, 0.00014189], [122860000.0, 0.00081393], [122850000.0, 0.11182437], [122800000.0, 0.00010034], [122790000.0, 0.00070452], [122740000.0, 0.02783972], [122650000.0, 0.02], [122630000.0, 0.02478985], [122610000.0, 0.00869688]]},
{"timestamp": 1743771214934, "bids": [[122450000.0, 0.0084449], [122440000.0, 0.11011765], [122430000.0, 0.36815059], [122420000.0, 0.02], [122410000.0, 0.00819291], [122400000.0, 0.0547], [122390000.0, 0.00881266], [122370000.0, 0.00862878], [122350000.0, 0.02938272], [122310000.0, 0.00040879]], "asks": [[122940000.0, 0.0655844], [122870000.0, 0.00014189], [122860000.0, 0.00081393], [122850000.0, 0.11182437], [122800000.0, 0.00010034], [122790000.0, 0.00070452], [122740000.0, 0.02783972], [122650000.0, 0.02], [122630000.0, 0.02478985], [122610000.0, 0.00869688]]},
{"timestamp": 1743771215069, "bids": [[122450000.0, 0.1101449], [122440000.0, 0.00841765], [122430000.0, 0.36815059], [122420000.0, 0.02], [122410000.0, 0.00819291], [122400000.0, 0.0547], [122390000.0, 0.00881266], [122350000.0, 0.02938272], [122310000.0, 0.00040879], [122300000.0, 0.02]], "asks": [[122870000.0, 0.00014189], [122860000.0, 0.00081393], [122850000.0, 0.11182437], [122800000.0, 0.00010034], [122790000.0, 0.00070452], [122740000.0, 0.02783972], [122660000.0, 0.38955584], [122650000.0, 0.02], [122630000.0, 0.02478985], [122610000.0, 0.00869688]]},
{"timestamp": 1743771215199, "bids": [[122450000.0, 0.1101449], [122440000.0, 0.00841765], [122430000.0, 0.36815059], [122420000.0, 0.02], [122410000.0, 0.00819291], [122400000.0, 0.0547], [122390000.0, 0.00881266], [122350000.0, 0.02938272], [122310000.0, 0.00040879], [122300000.0, 0.02]], "asks": [[122870000.0, 0.00014189], [122860000.0, 0.00081393], [122850000.0, 0.11182437], [122800000.0, 0.00010034], [122790000.0, 0.00070452], [122740000.0, 0.02783972], [122660000.0, 0.38955584], [122650000.0, 0.02], [122610000.0, 0.00869688], [122590000.0, 0.0362]]},
{"timestamp": 1743771215305, "bids": [[122460000.0, 0.00847895], [122450000.0, 0.1101449], [122440000.0, 0.00841765], [122430000.0, 0.36815059], [122420000.0, 0.02], [122410000.0, 0.00819291], [122400000.0, 0.0547], [122390000.0, 0.00881266], [122350000.0, 0.02938272], [122310000.0, 0.00040879]], "asks": [[122940000.0, 0.0655844], [122870000.0, 0.00014189], [122860000.0, 0.00081393], [122850000.0, 0.11182437], [122800000.0, 0.00010034], [122790000.0, 0.00070452], [122740000.0, 0.02783972], [122670000.0, 0.38953694], [122650000.0, 0.02], [122610000.0, 0.00869688]]},
{"timestamp": 1743771215410, "bids": [[122460000.0, 0.10997895], [122450000.0, 0.0084449], [122440000.0, 0.00841765], [122430000.0, 0.36815059], [122420000.0, 0.02], [122410000.0, 0.00819291], [122400000.0, 0.0547], [122350000.0, 0.02938272], [122310000.0, 0.00040879], [122300000.0, 0.02]], "asks": [[122940000.0, 0.0655844], [122870000.0, 0.00014189], [122860000.0, 0.00081393], [122850000.0, 0.11182437], [122800000.0, 0.00010034], [122790000.0, 0.00070452], [122740000.0, 0.02783972], [122670000.0, 0.38953694], [122650000.0, 0.02], [122610000.0, 0.00869688]]},
{"timestamp": 1743771215605, "bids": [[122460000.0, 0.12997895], [122450000.0, 0.0084449], [122440000.0, 0.00841765], [122430000.0, 0.36815059], [122420000.0, 0.02], [122410000.0, 0.00819291], [122400000.0, 0.0347], [122350000.0, 0.02938272], [122310000.0, 0.00040879], [122300000.0, 0.02]], "asks": [[123010000.0, 0.00059161], [122960000.0, 0.00019957], [122940000.0, 0.0655844], [122870000.0, 0.00014189], [122860000.0, 0.00081393], [122850000.0, 0.11182437], [122800000.0, 0.00010034], [122790000.0, 0.00070452], [122740000.0, 0.02783972], [122670000.0, 0.38953694]]},
{"timestamp": 1743771215719, "bids": [[122470000.0, 0.11004024], [122460000.0, 0.02847895], [122450000.0, 0.0084449], [122440000.0, 0.00841765], [122430000.0, 0.36815059], [122420000.0, 0.02], [122410000.0, 0.00819291], [122400000.0, 0.0347], [122350000.0, 0.02938272], [122310000.0, 0.00040879]], "asks": [[122940000.0, 0.0655844], [122870000.0, 0.00014189], [122860000.0, 0.00081393], [122850000.0, 0.11182437], [122800000.0, 0.00010034], [122790000.0, 0.00070452], [122740000.0, 0.02783972], [122670000.0, 0.38953694], [122650000.0, 0.02], [122640000.0, 0.00596614]]},
{"timestamp": 1743771215824, "bids": [[122480000.0, 0.00856067], [122470000.0, 0.11004024], [122460000.0, 0.02847895], [122450000.0, 0.0084449], [122440000.0, 0.00841765], [122430000.0, 0.36815059], [122420000.0, 0.02], [122400000.0, 0.0347], [122350000.0, 0.02938272], [122310000.0, 0.00040879]], "asks": [[122870000.0, 0.00014189], [122860000.0, 0.00081393], [122850000.0, 0.11182437], [122800000.0, 0.00010034], [122790000.0, 0.00070452], [122740000.0, 0.02783972], [122670000.0, 0.38953694], [122650000.0, 0.02836998], [122640000.0, 0.00596614], [122610000.0, 0.00869688]]},
{"timestamp": 1743771215949, "bids": [[122480000.0, 0.11006067], [122470000.0, 0.00854024], [122460000.0, 0.02847895], [122450000.0, 0.0084449], [122430000.0, 0.36815059], [122420000.0, 0.02], [122400000.0, 0.0347], [122350000.0, 0.02938272], [122310000.0, 0.00040879], [122300000.0, 0.02]], "asks": [[122870000.0, 0.00014189], [122860000.0, 0.00081393], [122850000.0, 0.11182437], [122800000.0, 0.00010034], [122790000.0, 0.00070452], [122740000.0, 0.02783972], [122670000.0, 0.38953694], [122650000.0, 0.02836998], [122640000.0, 0.00596614], [122610000.0, 0.00869688]]},
{"timestamp": 1743771216083, "bids": [[122480000.0, 0.11006067], [122470000.0, 0.00854024], [122460000.0, 0.02847895], [122450000.0, 0.0084449], [122430000.0, 0.36815059], [122420000.0, 0.02], [122400000.0, 0.0347], [122350000.0, 0.02938272], [122310000.0, 0.00040879], [122300000.0, 0.02]], "asks": [[122870000.0, 0.00014189], [122860000.0, 0.00081393], [122850000.0, 0.11182437], [122800000.0, 0.00010034], [122790000.0, 0.00070452], [122740000.0, 0.02783972], [122670000.0, 0.38953694], [122650000.0, 0.02836998], [122640000.0, 0.00596614], [122610000.0, 0.00869688]]},
{"timestamp": 1743771216211, "bids": [[122480000.0, 0.11006067], [122470000.0, 0.00854024], [122460000.0, 0.02847895], [122450000.0, 0.0084449], [122430000.0, 0.36815059], [122400000.0, 0.0347], [122380000.0, 0.02], [122350000.0, 0.02938272], [122310000.0, 0.00040879], [122300000.0, 0.02]], "asks": [[122870000.0, 0.00014189], [122860000.0, 0.00081393], [122850000.0, 0.11182437], [122800000.0, 0.00010034], [122790000.0, 0.00070452], [122740000.0, 0.02783972], [122670000.0, 0.38953694], [122650000.0, 0.02836998], [122640000.0, 0.00596614], [122610000.0, 0.00869688]]},
{"timestamp": 1743771216391, "bids": [[122480000.0, 0.10965247], [122470000.0, 0.00854024], [122460000.0, 0.02847895], [122450000.0, 0.0084449], [122430000.0, 0.36815059], [122400000.0, 0.0347], [122380000.0, 0.02], [122350000.0, 0.02938272], [122310000.0, 0.00040879], [122300000.0, 0.02]], "asks": [[123010000.0, 0.00059161], [122960000.0, 0.00019957], [122940000.0, 0.0655844], [122870000.0, 0.00014189], [122860000.0, 0.00081393], [122850000.0, 0.11182437], [122800000.0, 0.00010034], [122790000.0, 0.00070452], [122740000.0, 0.02783972], [122670000.0, 0.38953694]]},
{"timestamp": 1743771216498, "bids": [[122480000.0, 0.10965247], [122470000.0, 0.00854024], [122460000.0, 0.02847895], [122450000.0, 0.0084449], [122430000.0, 0.36815059], [122400000.0, 0.0347], [122380000.0, 0.02], [122350000.0, 0.02938272], [122310000.0, 0.00040879], [122300000.0, 0.02]], "asks": [[122960000.0, 0.00019957], [122940000.0, 0.0655844], [122870000.0, 0.00014189], [122860000.0, 0.00081393], [122850000.0, 0.11182437], [122800000.0, 0.00010034], [122790000.0, 0.00070452], [122740000.0, 0.02783972], [122670000.0, 0.38953694], [122650000.0, 0.02836998]]},
{"timestamp": 1743771216626, "bids": [[122480000.0, 0.10965247], [122470000.0, 0.00854024], [122460000.0, 0.02847895], [122450000.0, 0.0084449], [122430000.0, 0.36815059], [122400000.0, 0.0347], [122380000.0, 0.02], [122350000.0, 0.02938272], [122310000.0, 0.00040879], [122300000.0, 0.02]], "asks": [[122940000.0, 0.0655844], [122870000.0, 0.00014189], [122860000.0, 0.00081393], [122850000.0, 0.11182437], [122800000.0, 0.00010034], [122790000.0, 0.00070452], [122740000.0, 0.02783972], [122670000.0, 0.38953694], [122650000.0, 0.02836998], [122610000.0, 0.00869688]]},
{"timestamp": 1743771216791, "bids": [[122480000.0, 0.10965247], [122470000.0, 0.00854024], [122460000.0, 0.02847895], [122450000.0, 0.0084449], [122430000.0, 0.36815059], [122400000.0, 0.0347], [122380000.0, 0.02], [122350000.0, 0.02938272], [122310000.0, 0.00040879], [122300000.0, 0.02]], "asks": [[122940000.0, 0.0655844], [122870000.0, 0.00014189], [122860000.0, 0.00081393], [122850000.0, 0.11182437], [122800000.0, 0.00010034], [122790000.0, 0.00070452], [122740000.0, 0.02783972], [122670000.0, 0.38953694], [122650000.0, 0.02836998], [122610000.0, 0.00869688]]},
{"timestamp": 1743771217591, "bids": [[122480000.0, 0.00815247], [122470000.0, 0.11004024], [122460000.0, 0.02847895], [122450000.0, 0.0084449], [122430000.0, 0.36815059], [122400000.0, 0.0347], [122380000.0, 0.02], [122350000.0, 0.02938272], [122310000.0, 0.00040879], [122300000.0, 0.02]], "asks": [[122940000.0, 0.0655844], [122870000.0, 0.00014189], [122860000.0, 0.00081393], [122850000.0, 0.11182437], [122800000.0, 0.00010034], [122790000.0, 0.00070452], [122740000.0, 0.00026726], [122670000.0, 0.41707142], [122650000.0, 0.02836998], [122610000.0, 0.00869688]]},
{"timestamp": 1743771217732, "bids": [[122480000.0, 0.00815247], [122470000.0, 0.11004024], [122460000.0, 0.02847895], [122450000.0, 0.0084449], [122430000.0, 0.36815059], [122400000.0, 0.0347], [122380000.0, 0.02], [122350000.0, 0.02938272], [122310000.0, 0.00040879], [122300000.0, 0.02]], "asks": [[122940000.0, 0.0655844], [122870000.0, 0.00014189], [122860000.0, 0.00081393], [122850000.0, 0.11182437], [122800000.0, 0.00010034], [122790000.0, 0.00070452], [122740000.0, 0.00026726], [122670000.0, 0.41707142], [122650000.0, 0.02836998], [122610000.0, 0.00869688]]},
{"timestamp": 1743771217933, "bids": [[122480000.0, 0.00815247], [122470000.0, 0.11004024], [122460000.0, 0.02], [122450000.0, 0.0084449], [122430000.0, 0.36815059], [122400000.0, 0.0347], [122380000.0, 0.02], [122350000.0, 0.02938272], [122310000.0, 0.00040879], [122300000.0, 0.02]], "asks": [[122940000.0, 0.0655844], [122870000.0, 0.00014189], [122860000.0, 0.00081393], [122850000.0, 0.11182437], [122800000.0, 0.00010034], [122790000.0, 0.00070452], [122740000.0, 0.00026726], [122670000.0, 0.41707142], [122650000.0, 0.02836998], [122610000.0, 0.00869688]]},
{"timestamp": 1743771218433, "bids": [[122480000.0, 0.00815247], [122470000.0, 0.11004024], [122460000.0, 0.02], [122450000.0, 0.0084449], [122430000.0, 0.36815059], [122400000.0, 0.0347], [122380000.0, 0.02], [122350000.0, 0.02938272], [122310000.0, 0.00040879], [122300000.0, 0.02]], "asks": [[122870000.0, 0.00014189], [122860000.0, 0.00081393], [122850000.0, 0.11182437], [122800000.0, 0.00010034], [122790000.0, 0.00070452], [122740000.0, 0.00026726], [122670000.0, 0.41707142], [122650000.0, 0.02836998], [122640000.0, 0.00149213], [122610000.0, 0.00869688]]},
{"timestamp": 1743771219242, "bids": [[122470000.0, 0.11004024], [122450000.0, 0.0084449], [122420000.0, 0.02], [122400000.0, 0.0347], [122380000.0, 0.02], [122350000.0, 0.02938272], [122310000.0, 0.00040879], [122300000.0, 0.02], [122210000.0, 0.00989238], [122200000.0, 0.0079]], "asks": [[122940000.0, 0.0655844], [122870000.0, 0.00014189], [122860000.0, 0.00081393], [122850000.0, 0.11182437], [122800000.0, 0.00010034], [122790000.0, 0.00070452], [122740000.0, 0.00026726], [122670000.0, 0.41707142], [122650000.0, 0.02836998], [122610000.0, 0.00869688]]},
{"timestamp": 1743771219357, "bids": [[122470000.0, 0.00854024], [122450000.0, 0.0084449], [122430000.0, 0.1015], [122420000.0, 0.38818067], [122400000.0, 0.0347], [122380000.0, 0.02], [122350000.0, 0.02938272], [122310000.0, 0.00040879], [122300000.0, 0.02], [122210000.0, 0.00989238]], "asks": [[122940000.0, 0.0655844], [122870000.0, 0.00014189], [122860000.0, 0.00081393], [122850000.0, 0.11182437], [122800000.0, 0.00010034], [122790000.0, 0.00070452], [122740000.0, 0.00026726], [122670000.0, 0.41707142], [122650000.0, 0.00836998], [122610000.0, 0.00869688]]},
{"timestamp": 1743771219471, "bids": [[122440000.0, 0.00868326], [122430000.0, 0.1015], [122420000.0, 0.38818067], [122410000.0, 0.0362], [122400000.0, 0.008513], [122380000.0, 0.02], [122350000.0, 0.02938272], [122310000.0, 0.00040879], [122300000.0, 0.02], [122210000.0, 0.00989238]], "asks": [[122870000.0, 0.00014189], [122860000.0, 0.00081393], [122850000.0, 0.11182437], [122800000.0, 0.00010034], [122790000.0, 0.00070452], [122740000.0, 0.00026726], [122670000.0, 0.41707142], [122650000.0, 0.00836998], [122610000.0, 0.00869688], [122600000.0, 0.0362]]},
{"timestamp": 1743771219573, "bids": [[122440000.0, 0.00868326], [122430000.0, 0.1015], [122420000.0, 0.38818067], [122410000.0, 0.0362], [122400000.0, 0.008513], [122350000.0, 0.02938272], [122310000.0, 0.00040879], [122300000.0, 0.02], [122210000.0, 0.00989238], [122200000.0, 0.0079]], "asks": [[122870000.0, 0.00014189], [122860000.0, 0.00081393], [122850000.0, 0.11182437], [122800000.0, 0.00010034], [122790000.0, 0.00070452], [122740000.0, 0.00026726], [122670000.0, 0.41707142], [122650000.0, 0.00836998], [122610000.0, 0.00869688], [122600000.0, 0.0362]]},
{"timestamp": 1743771219683, "bids": [[122440000.0, 0.00868326], [122430000.0, 0.1015], [122420000.0, 0.38818067], [122410000.0, 0.0362], [122400000.0, 0.008513], [122350000.0, 0.02938272], [122340000.0, 0.02], [122310000.0, 0.00040879], [122300000.0, 0.02], [122210000.0, 0.00989238]], "asks": [[122870000.0, 0.00014189], [122860000.0, 0.00081393], [122850000.0, 0.11182437], [122800000.0, 0.00010034], [122790000.0, 0.00070452], [122740000.0, 0.00026726], [122670000.0, 0.41707142], [122650000.0, 0.00836998], [122610000.0, 0.00869688], [122600000.0, 0.0362]]},
{"timestamp": 1743771219977, "bids": [[122440000.0, 0.00868326], [122430000.0, 0.1015], [122420000.0, 0.38818067], [122410000.0, 0.0362], [122400000.0, 0.008513], [122350000.0, 0.02938272], [122340000.0, 0.02], [122310000.0, 0.00040879], [122300000.0, 0.02], [122210000.0, 0.00989238]], "asks": [[122870000.0, 0.00014189], [122860000.0, 0.00081393], [122850000.0, 0.11182437], [122800000.0, 0.00010034], [122790000.0, 0.00070452], [122740000.0, 0.00026726], [122670000.0, 0.41707142], [122650000.0, 0.00836998], [122610000.0, 0.00869688], [122600000.0, 0.0362]]},
{"timestamp": 1743771220184, "bids": [[122440000.0, 0.00868326], [122430000.0, 0.1015], [122420000.0, 0.02], [122400000.0, 0.008513], [122350000.0, 0.02938272], [122340000.0, 0.02], [122310000.0, 0.00040879], [122210000.0, 0.00989238], [122200000.0, 0.0079], [122120000.0, 0.10716003]], "asks": [[122870000.0, 0.00014189], [122860000.0, 0.00081393], [122850000.0, 0.11182437], [122800000.0, 0.00010034], [122790000.0, 0.00070452], [122740000.0, 0.00026726], [122670000.0, 0.41707142], [122650000.0, 0.00836998], [122610000.0, 0.00869688], [122600000.0, 0.0362]]},
{"timestamp": 1743771220315, "bids": [[122440000.0, 0.00868326], [122430000.0, 0.1015], [122420000.0, 0.02], [122410000.0, 0.39161033], [122400000.0, 0.008513], [122350000.0, 0.02938272], [122340000.0, 0.02], [122310000.0, 0.00040879], [122210000.0, 0.00989238], [122200000.0, 0.0079]], "asks": [[122870000.0, 0.00014189], [122860000.0, 0.00081393], [122850000.0, 0.11182437], [122800000.0, 0.00010034], [122790000.0, 0.00070452], [122740000.0, 0.00026726], [122670000.0, 0.41707142], [122650000.0, 0.00836998], [122610000.0, 0.00869688], [122600000.0, 0.0362]]},
{"timestamp": 1743771220541, "bids": [[122440000.0, 0.00868326], [122430000.0, 0.1015], [122420000.0, 0.02], [122410000.0, 0.39161033], [122400000.0, 0.043213], [122350000.0, 0.02938272], [122340000.0, 0.02], [122310000.0, 0.00040879], [122210000.0, 0.00989238], [122200000.0, 0.0079]], "asks": [[122870000.0, 0.00014189], [122860000.0, 0.00081393], [122850000.0, 0.11182437], [122800000.0, 0.00010034], [122790000.0, 0.00070452], [122740000.0, 0.00026726], [122670000.0, 0.41707142], [122650000.0, 0.00836998], [122610000.0, 0.00869688], [122600000.0, 0.0362]]},
{"timestamp": 1743771221071, "bids": [[122440000.0, 0.00868326], [122430000.0, 0.1015], [122420000.0, 0.02], [122410000.0, 0.39161033], [122400000.0, 0.043213], [122350000.0, 0.02938272], [122340000.0, 0.02], [122310000.0, 0.00040879], [122210000.0, 0.00989238], [122200000.0, 0.0079]], "asks": [[122860000.0, 0.00081393], [122850000.0, 0.11182437], [122800000.0, 0.00010034], [122790000.0, 0.00070452], [122740000.0, 0.00026726], [122670000.0, 0.41707142], [122650000.0, 0.00836998], [122640000.0, 0.02758845], [122610000.0, 0.00869688], [122600000.0, 0.0362]]},
{"timestamp": 1743771221548, "bids": [[122440000.0, 0.00868326], [122430000.0, 0.1015], [122420000.0, 0.02], [122410000.0, 0.42631033], [122400000.0, 0.008513], [122350000.0, 0.02938272], [122340000.0, 0.02], [122310000.0, 0.00040879], [122210000.0, 0.00989238], [122200000.0, 0.0079]], "asks": [[122870000.0, 0.00014189], [122860000.0, 0.00081393], [122850000.0, 0.11182437], [122800000.0, 0.00010034], [122790000.0, 0.00070452], [122740000.0, 0.00026726], [122670000.0, 0.41707142], [122650000.0, 0.00836998], [122640000.0, 0.02758845], [122610000.0, 0.00869688]]},
{"timestamp": 1743771221705, "bids": [[122440000.0, 0.00868326], [122430000.0, 0.1015], [122420000.0, 0.02], [122410000.0, 0.42631033], [122400000.0, 0.008513], [122350000.0, 0.02938272], [122340000.0, 0.02], [122310000.0, 0.00040879], [122210000.0, 0.00989238], [122200000.0, 0.0079]], "asks": [[122940000.0, 0.0655844], [122870000.0, 0.00014189], [122860000.0, 0.00081393], [122850000.0, 0.11182437], [122800000.0, 0.00010034], [122790000.0, 0.00070452], [122740000.0, 0.00026726], [122670000.0, 0.38953694], [122650000.0, 0.01114858], [122610000.0, 0.00869688]]},
{"timestamp": 1743771221807, "bids": [[122440000.0, 0.00868326], [122430000.0, 0.1015], [122420000.0, 0.02], [122410000.0, 0.42631033], [122400000.0, 0.008513], [122350000.0, 0.00589463], [122340000.0, 0.02], [122310000.0, 0.00040879], [122210000.0, 0.00059723], [122200000.0, 0.0079]], "asks": [[122940000.0, 0.0655844], [122870000.0, 0.00014189], [122860000.0, 0.00081393], [122850000.0, 0.11182437], [122800000.0, 0.00010034], [122790000.0, 0.00070452], [122740000.0, 0.00026726], [122670000.0, 0.38953694], [122650000.0, 0.01114858], [122610000.0, 0.00869688]]},
{"timestamp": 1743771222270, "bids": [[122440000.0, 0.00868326], [122430000.0, 0.1015], [122420000.0, 0.02], [122410000.0, 0.42631033], [122400000.0, 0.008513], [122350000.0, 0.00589463], [122340000.0, 0.02], [122310000.0, 0.00040879], [122210000.0, 0.00059723], [122200000.0, 0.0079]], "asks": [[122940000.0, 0.0655844], [122870000.0, 0.00014189], [122860000.0, 0.00081393], [122850000.0, 0.11182437], [122800000.0, 0.00010034], [122790000.0, 0.00070452], [122740000.0, 0.00026726], [122670000.0, 0.38953694], [122650000.0, 0.00836998], [122610000.0, 0.00869688]]},
{"timestamp": 1743771222520, "bids": [[122440000.0, 0.00868326], [122430000.0, 0.1015], [122420000.0, 0.02], [122410000.0, 0.42631033], [122400000.0, 0.008513], [122350000.0, 0.00589463], [122340000.0, 0.02], [122310000.0, 0.00040879], [122200000.0, 0.0079], [122120000.0, 0.10716003]], "asks": [[122870000.0, 0.00014189], [122860000.0, 0.00081393], [122850000.0, 0.11182437], [122800000.0, 0.00010034], [122790000.0, 0.00070452], [122740000.0, 0.00026726], [122670000.0, 0.38953694], [122650000.0, 0.00836998], [122610000.0, 0.00869688], [122590000.0, 0.02864921]]},
{"timestamp": 1743771222943, "bids": [[122440000.0, 0.00868326], [122430000.0, 0.1015], [122420000.0, 0.02], [122410000.0, 0.42631033], [122400000.0, 0.008513], [122350000.0, 0.00589463], [122340000.0, 0.02], [122310000.0, 0.00040879], [122200000.0, 0.0079], [122120000.0, 0.10716003]], "asks": [[122940000.0, 0.0655844], [122870000.0, 0.00014189], [122860000.0, 0.00081393], [122850000.0, 0.11182437], [122800000.0, 0.00010034], [122790000.0, 0.00070452], [122740000.0, 0.00026726], [122670000.0, 0.38953694], [122650000.0, 0.00836998], [122610000.0, 0.00869688]]},
{"timestamp": 1743771223113, "bids": [[122440000.0, 0.00868326], [122430000.0, 0.1015], [122420000.0, 0.02], [122410000.0, 0.42631033], [122400000.0, 0.008513], [122350000.0, 0.00589463], [122340000.0, 0.02], [122310000.0, 0.00040879], [122200000.0, 0.0079], [122120000.0, 0.10716003]], "asks": [[122870000.0, 0.00014189], [122860000.0, 0.00081393], [122850000.0, 0.11182437], [122800000.0, 0.00010034], [122790000.0, 0.00070452], [122740000.0, 0.00026726], [122670000.0, 0.38953694], [122650000.0, 0.00836998], [122630000.0, 0.02], [122610000.0, 0.00869688]]},
{"timestamp": 1743771223275, "bids": [[122440000.0, 0.00868326], [122430000.0, 0.1015], [122420000.0, 0.02], [122410000.0, 0.42631033], [122400000.0, 0.008513], [122350000.0, 0.00589463], [122340000.0, 0.02], [122310000.0, 0.00040879], [122200000.0, 0.0079], [122120000.0, 0.10716003]], "asks": [[122960000.0, 0.00019957], [122940000.0, 0.0655844], [122870000.0, 0.00014189], [122860000.0, 0.00081393], [122850000.0, 0.11182437], [122800000.0, 0.00010034], [122790000.0, 0.00070452], [122740000.0, 0.00026726], [122650000.0, 0.00836998], [122630000.0, 0.02]]},
{"timestamp": 1743771223383, "bids": [[122440000.0, 0.00868326], [122430000.0, 0.1015], [122420000.0, 0.02], [122410000.0, 0.42631033], [122400000.0, 0.008513], [122350000.0, 0.00589463], [122340000.0, 0.02], [122310000.0, 0.00040879], [122200000.0, 0.0079], [122120000.0, 0.10716003]], "asks": [[122960000.0, 0.00019957], [122940000.0, 0.0655844], [122870000.0, 0.00014189], [122860000.0, 0.00081393], [122850000.0, 0.11182437], [122800000.0, 0.00010034], [122790000.0, 0.00070452], [122740000.0, 0.00026726], [122650000.0, 0.00836998], [122630000.0, 0.02]]},
{"timestamp": 1743771223798, "bids": [[122440000.0, 0.00868326], [122430000.0, 0.1015], [122420000.0, 0.02], [122410000.0, 0.42631033], [122400000.0, 0.008513], [122350000.0, 0.00589463], [122340000.0, 0.02], [122310000.0, 0.00040879], [122200000.0, 0.0079], [122120000.0, 0.10716003]], "asks": [[122940000.0, 0.0655844], [122870000.0, 0.00014189], [122860000.0, 0.00081393], [122850000.0, 0.11182437], [122800000.0, 0.00010034], [122790000.0, 0.00070452], [122740000.0, 0.00026726], [122650000.0, 0.00836998], [122640000.0, 0.00029904], [122630000.0, 0.02]]},
{"timestamp": 1743771223938, "bids": [[122440000.0, 0.00868326], [122430000.0, 0.1015], [122420000.0, 0.02], [122410000.0, 0.42631033], [122400000.0, 0.008513], [122350000.0, 0.00589463], [122340000.0, 0.02], [122310000.0, 0.00040879], [122200000.0, 0.0079], [122120000.0, 0.10716003]], "asks": [[122940000.0, 0.0655844], [122870000.0, 0.00014189], [122860000.0, 0.00081393], [122850000.0, 0.11182437], [122800000.0, 0.00010034], [122790000.0, 0.00070452], [122740000.0, 0.00026726], [122650000.0, 0.00836998], [122630000.0, 0.02], [122620000.0, 0.0362]]},
{"timestamp": 1743771224066, "bids": [[122440000.0, 0.00868326], [122430000.0, 0.1015], [122420000.0, 0.02], [122410000.0, 0.42631033], [122400000.0, 0.008513], [122380000.0, 0.02], [122350000.0, 0.00589463], [122340000.0, 0.02], [122310000.0, 0.00040879], [122200000.0, 0.0079]], "asks": [[122870000.0, 0.00014189], [122860000.0, 0.00081393], [122850000.0, 0.11182437], [122800000.0, 0.00010034], [122790000.0, 0.00070452], [122740000.0, 0.00026726], [122690000.0, 0.3894597], [122650000.0, 0.00836998], [122630000.0, 0.02], [122620000.0, 0.0362]]},
{"timestamp": 1743771224200, "bids": [[122440000.0, 0.00868326], [122430000.0, 0.1015], [122420000.0, 0.02], [122410000.0, 0.42631033], [122400000.0, 0.008513], [122380000.0, 0.02], [122350000.0, 0.00589463], [122340000.0, 0.02], [122310000.0, 0.00040879], [122200000.0, 0.0079]], "asks": [[122870000.0, 0.00014189], [122860000.0, 0.00081393], [122850000.0, 0.11182437], [122800000.0, 0.00010034], [122790000.0, 0.00070452], [122740000.0, 0.02783974], [122690000.0, 0.3894597], [122650000.0, 0.00836998], [122630000.0, 0.02], [122620000.0, 0.0362]]},
{"timestamp": 1743771224313, "bids": [[122440000.0, 0.00868326], [122430000.0, 0.1015], [122420000.0, 0.02], [122410000.0, 0.42631033], [122400000.0, 0.008513], [122380000.0, 0.02], [122350000.0, 0.00589463], [122310000.0, 0.00040879], [122200000.0, 0.0079], [122120000.0, 0.10716003]], "asks": [[122870000.0, 0.00014189], [122860000.0, 0.00081393], [122850000.0, 0.11182437], [122800000.0, 0.00010034], [122790000.0, 0.00070452], [122740000.0, 0.02783974], [122690000.0, 0.3894597], [122650000.0, 0.00836998], [122630000.0, 0.02], [122620000.0, 0.0362]]},
{"timestamp": 1743771224416, "bids": [[122440000.0, 0.00868326], [122430000.0, 0.1015], [122420000.0, 0.02], [122410000.0, 0.42631033], [122400000.0, 0.008513], [122380000.0, 0.02], [122350000.0, 0.00589463], [122310000.0, 0.00040879], [122210000.0, 0.00099618], [122200000.0, 0.0079]], "asks": [[122960000.0, 0.00019957], [122940000.0, 0.0655844], [122870000.0, 0.00014189], [122860000.0, 0.00081393], [122850000.0, 0.11182437], [122800000.0, 0.00010034], [122790000.0, 0.00070452], [122740000.0, 0.02783974], [122700000.0, 0.38943727], [122650000.0, 0.00836998]]},
{"timestamp": 1743771224535, "bids": [[122440000.0, 0.00868326], [122430000.0, 0.1015], [122420000.0, 0.02], [122410000.0, 0.42631033], [122400000.0, 0.008513], [122380000.0, 0.02], [122350000.0, 0.00589463], [122330000.0, 0.02406168], [122310000.0, 0.00040879], [122210000.0, 0.00099618]], "asks": [[122960000.0, 0.00019957], [122940000.0, 0.0655844], [122870000.0, 0.00014189], [122860000.0, 0.00081393], [122850000.0, 0.11182437], [122800000.0, 0.00010034], [122790000.0, 0.00070452], [122740000.0, 0.02783974], [122700000.0, 0.38943727], [122650000.0, 0.00836998]]},
{"timestamp": 1743771224702, "bids": [[122440000.0, 0.00868326], [122430000.0, 0.1015], [122420000.0, 0.02], [122410000.0, 0.42631033], [122400000.0, 0.008513], [122380000.0, 0.02], [122350000.0, 0.00589463], [122330000.0, 0.02406168], [122310000.0, 0.00040879], [122200000.0, 0.0079]], "asks": [[122960000.0, 0.00019957], [122940000.0, 0.0655844], [122870000.0, 0.00014189], [122860000.0, 0.00081393], [122850000.0, 0.11182437], [122800000.0, 0.00010034], [122790000.0, 0.00070452], [122740000.0, 0.02783974], [122700000.0, 0.38943727], [122650000.0, 0.00836998]]},
{"timestamp": 1743771224813, "bids": [[122440000.0, 0.00868326], [122430000.0, 0.1015], [122420000.0, 0.02], [122410000.0, 0.42631033], [122400000.0, 0.008513], [122380000.0, 0.02], [122350000.0, 0.00589463], [122330000.0, 0.02406168], [122310000.0, 0.00040879], [122200000.0, 0.0079]], "asks": [[122960000.0, 0.00019957], [122940000.0, 0.0655844], [122870000.0, 0.00014189], [122860000.0, 0.00081393], [122850000.0, 0.11182437], [122800000.0, 0.00010034], [122790000.0, 0.00070452], [122740000.0, 0.02783974], [122700000.0, 0.38943727], [122650000.0, 0.00836998]]},
{"timestamp": 1743771224948, "bids": [[122440000.0, 0.00868326], [122430000.0, 0.1015], [122420000.0, 0.02], [122410000.0, 0.42631033], [122400000.0, 0.008513], [122380000.0, 0.02], [122350000.0, 0.00589463], [122330000.0, 0.02406168], [122310000.0, 0.00040879], [122200000.0, 0.0079]], "asks": [[122960000.0, 0.00019957], [122940000.0, 0.0655844], [122870000.0, 0.00014189], [122860000.0, 0.00081393], [122850000.0, 0.11182437], [122800000.0, 0.00010034], [122790000.0, 0.00070452], [122740000.0, 0.02783974], [122700000.0, 0.38943727], [122650000.0, 0.00836998]]},
{"timestamp": 1743771225396, "bids": [[122440000.0, 0.00868326], [122430000.0, 0.1015], [122420000.0, 0.02], [122410000.0, 0.42631033], [122400000.0, 0.008513], [122380000.0, 0.02], [122370000.0, 0.00602725], [122350000.0, 0.00589463], [122310000.0, 0.00040879], [122200000.0, 0.0079]], "asks": [[123010000.0, 0.00059161], [122960000.0, 0.00019957], [122940000.0, 0.0655844], [122870000.0, 0.00014189], [122860000.0, 0.00081393], [122850000.0, 0.11182437], [122800000.0, 0.00010034], [122790000.0, 0.00070452], [122740000.0, 0.02783974], [122700000.0, 0.38943727]]},
{"timestamp": 1743771225508, "bids": [[122440000.0, 0.00868326], [122430000.0, 0.1015], [122420000.0, 0.02], [122410000.0, 0.42631033], [122400000.0, 0.008513], [122380000.0, 0.02], [122370000.0, 0.00602725], [122350000.0, 0.02346749], [122310000.0, 0.00040879], [122200000.0, 0.0079]], "asks": [[122960000.0, 0.00019957], [122940000.0, 0.0655844], [122870000.0, 0.00014189], [122860000.0, 0.00081393], [122850000.0, 0.11182437], [122800000.0, 0.00010034], [122790000.0, 0.00070452], [122740000.0, 0.02783974], [122700000.0, 0.38943727], [122650000.0, 0.00836998]]},
{"timestamp": 1743771226236, "bids": [[122440000.0, 0.00868326], [122430000.0, 0.1015], [122420000.0, 0.02], [122410000.0, 0.42631033], [122400000.0, 0.008513], [122380000.0, 0.02], [122370000.0, 0.00602725], [122350000.0, 0.02346749], [122310000.0, 0.00040879], [122200000.0, 0.0079]], "asks": [[122960000.0, 0.00019957], [122940000.0, 0.0655844], [122870000.0, 0.00014189], [122860000.0, 0.00081393], [122850000.0, 0.11182437], [122800000.0, 0.00010034], [122790000.0, 0.00070452], [122740000.0, 0.02783974], [122700000.0, 0.38943727], [122650000.0, 0.00836998]]},
{"timestamp": 1743771226375, "bids": [[122440000.0, 0.00868326], [122430000.0, 0.1015], [122420000.0, 0.02], [122410000.0, 0.42631033], [122400000.0, 0.008513], [122380000.0, 0.02], [122370000.0, 0.00602725], [122350000.0, 0.02346749], [122310000.0, 0.00040879], [122200000.0, 0.0079]], "asks": [[122940000.0, 0.0655844], [122870000.0, 0.00014189], [122860000.0, 0.00081393], [122850000.0, 0.11182437], [122800000.0, 0.00010034], [122790000.0, 0.00070452], [122740000.0, 0.02783974], [122700000.0, 0.38943727], [122690000.0, 0.00635859], [122650000.0, 0.00836998]]},
{"timestamp": 1743771227148, "bids": [[122440000.0, 0.00868326], [122430000.0, 0.1015], [122420000.0, 0.02], [122410000.0, 0.42631033], [122400000.0, 0.008513], [122380000.0, 0.02], [122370000.0, 0.00602725], [122350000.0, 0.02346749], [122320000.0, 0.00989993], [122310000.0, 0.00040879]], "asks": [[122940000.0, 0.0655844], [122870000.0, 0.00014189], [122860000.0, 0.00081393], [122850000.0, 0.11182437], [122800000.0, 0.00010034], [122790000.0, 0.00070452], [122740000.0, 0.02783974], [122700000.0, 0.38943727], [122690000.0, 0.00635859], [122650000.0, 0.00836998]]},
{"timestamp": 1743771227398, "bids": [[122440000.0, 0.00868326], [122430000.0, 0.1015], [122420000.0, 0.02], [122410000.0, 0.42631033], [122400000.0, 0.008513], [122380000.0, 0.02], [122370000.0, 0.00602725], [122350000.0, 0.02346749], [122320000.0, 0.00989993], [122310000.0, 0.00040879]], "asks": [[122940000.0, 0.0655844], [122870000.0, 0.00014189], [122860000.0, 0.00081393], [122850000.0, 0.11182437], [122800000.0, 0.00010034], [122790000.0, 0.00070452], [122740000.0, 0.00026726], [122700000.0, 0.38943727], [122690000.0, 0.00635859], [122650000.0, 0.00836998]]},
{"timestamp": 1743771227517, "bids": [[122450000.0, 0.0349], [122440000.0, 0.00868326], [122430000.0, 0.1015], [122420000.0, 0.02], [122410000.0, 0.39161033], [122400000.0, 0.008513], [122380000.0, 0.02], [122370000.0, 0.00602725], [122350000.0, 0.02346749], [122320000.0, 0.00989993]], "asks": [[122870000.0, 0.00014189], [122860000.0, 0.00081393], [122850000.0, 0.11182437], [122800000.0, 0.00010034], [122790000.0, 0.00070452], [122740000.0, 0.00026726], [122700000.0, 0.38943727], [122690000.0, 0.00635859], [122650000.0, 0.00836998], [122630000.0, 0.02]]},
{"timestamp": 1743771227653, "bids": [[122460000.0, 0.10972696], [122450000.0, 0.0349], [122440000.0, 0.00868326], [122420000.0, 0.02], [122410000.0, 0.39161033], [122400000.0, 0.008513], [122380000.0, 0.02], [122370000.0, 0.00602725], [122350000.0, 0.02346749], [122320000.0, 0.00989993]], "asks": [[122870000.0, 0.00014189], [122860000.0, 0.00081393], [122850000.0, 0.11182437], [122800000.0, 0.00010034], [122790000.0, 0.00070452], [122740000.0, 0.00026726], [122700000.0, 0.38943727], [122690000.0, 0.00635859], [122650000.0, 0.00836998], [122630000.0, 0.02]]},
{"timestamp": 1743771227781, "bids": [[122470000.0, 0.00823377], [122460000.0, 0.10972696], [122450000.0, 0.0349], [122440000.0, 0.00868326], [122420000.0, 0.02], [122410000.0, 0.39161033], [122400000.0, 0.008513], [122380000.0, 0.02], [122370000.0, 0.00602725], [122350000.0, 0.02346749]], "asks": [[122870000.0, 0.00014189], [122860000.0, 0.00081393], [122850000.0, 0.11182437], [122800000.0, 0.00010034], [122790000.0, 0.00070452], [122740000.0, 0.00026726], [122700000.0, 0.38943727], [122690000.0, 0.00635859], [122650000.0, 0.00836998], [122630000.0, 0.02]]},
{"timestamp": 1743771227910, "bids": [[122470000.0, 0.10973377], [122460000.0, 0.00822696], [122450000.0, 0.0349], [122440000.0, 0.00868326], [122420000.0, 0.02], [122410000.0, 0.39161033], [122400000.0, 0.008513], [122380000.0, 0.02], [122370000.0, 0.00602725], [122350000.0, 0.02346749]], "asks": [[122940000.0, 0.0655844], [122870000.0, 0.00014189], [122860000.0, 0.00081393], [122850000.0, 0.11182437], [122800000.0, 0.00010034], [122790000.0, 0.00070452], [122740000.0, 0.00026726], [122700000.0, 0.38943727], [122650000.0, 0.00836998], [122630000.0, 0.02]]},
{"timestamp": 1743771228400, "bids": [[122470000.0, 0.10973377], [122460000.0, 0.00822696], [122450000.0, 0.0349], [122440000.0, 0.00868326], [122420000.0, 0.02], [122410000.0, 0.39161033], [122400000.0, 0.008513], [122390000.0, 0.00499201], [122380000.0, 0.02], [122370000.0, 0.00602725]], "asks": [[122940000.0, 0.0655844], [122870000.0, 0.00014189], [122860000.0, 0.00081393], [122850000.0, 0.11182437], [122800000.0, 0.00010034], [122790000.0, 0.00070452], [122740000.0, 0.00026726], [122700000.0, 0.38943727], [122650000.0, 0.00836998], [122630000.0, 0.02]]},
{"timestamp": 1743771228507, "bids": [[122480000.0, 0.00874455], [122470000.0, 0.10973377], [122460000.0, 0.00822696], [122450000.0, 0.0349], [122440000.0, 0.00868326], [122420000.0, 0.02], [122410000.0, 0.39161033], [122400000.0, 0.008513], [122390000.0, 0.00499201], [122380000.0, 0.02]], "asks": [[122940000.0, 0.0655844], [122870000.0, 0.00014189], [122860000.0, 0.00081393], [122850000.0, 0.11182437], [122800000.0, 0.00010034], [122790000.0, 0.00070452], [122740000.0, 0.00026726], [122700000.0, 0.38943727], [122650000.0, 0.00836998], [122630000.0, 0.02]]},
{"timestamp": 1743771228615, "bids": [[122480000.0, 0.11024455], [122470000.0, 0.00823377], [122460000.0, 0.04312696], [122440000.0, 0.00868326], [122420000.0, 0.02], [122410000.0, 0.39161033], [122400000.0, 0.008513], [122390000.0, 0.00499201], [122380000.0, 0.02], [122370000.0, 0.00602725]], "asks": [[122940000.0, 0.0655844], [122870000.0, 0.00014189], [122860000.0, 0.00081393], [122850000.0, 0.11182437], [122800000.0, 0.00010034], [122790000.0, 0.00070452], [122740000.0, 0.00026726], [122700000.0, 0.38943727], [122650000.0, 0.00836998], [122630000.0, 0.02]]},
{"timestamp": 1743771228930, "bids": [[122480000.0, 0.11024455], [122470000.0, 0.00823377], [122460000.0, 0.04312696], [122440000.0, 0.00868326], [122420000.0, 0.02], [122410000.0, 0.39161033], [122390000.0, 0.00499201], [122380000.0, 0.02], [122370000.0, 0.00602725], [122360000.0, 0.01822355]], "asks": [[122940000.0, 0.0655844], [122870000.0, 0.00014189], [122860000.0, 0.00081393], [122850000.0, 0.11182437], [122800000.0, 0.00010034], [122790000.0, 0.00070452], [122740000.0, 0.00026726], [122700000.0, 0.38943727], [122650000.0, 0.00836998], [122630000.0, 0.02]]},
{"timestamp": 1743771229037, "bids": [[122480000.0, 0.11024455], [122470000.0, 0.00823377], [122460000.0, 0.04312696], [122440000.0, 0.00868326], [122420000.0, 0.02], [122410000.0, 0.39161033], [122390000.0, 0.00499201], [122380000.0, 0.02], [122370000.0, 0.00602725], [122360000.0, 0.01822355]], "asks": [[122940000.0, 0.0655844], [122870000.0, 0.00014189], [122860000.0, 0.00081393], [122850000.0, 0.11182437], [122800000.0, 0.00010034], [122790000.0, 0.00070452], [122740000.0, 0.00026726], [122700000.0, 0.38943727], [122690000.0, 0.00626598], [122650000.0, 0.00836998]]},
{"timestamp": 1743771229336, "bids": [[122480000.0, 0.11024455], [122470000.0, 0.00823377], [122460000.0, 0.04312696], [122440000.0, 0.00868326], [122420000.0, 0.02], [122410000.0, 0.39161033], [122390000.0, 0.00499201], [122380000.0, 0.02], [122370000.0, 0.00602725], [122360000.0, 0.01822355]], "asks": [[122940000.0, 0.0655844], [122870000.0, 0.00014189], [122860000.0, 0.00081393], [122850000.0, 0.11182437], [122800000.0, 0.00010034], [122790000.0, 0.00070452], [122740000.0, 0.00026726], [122700000.0, 0.38943727], [122690000.0, 0.00626598], [122650000.0, 0.00836998]]},
{"timestamp": 1743771229578, "bids": [[122480000.0, 0.11024455], [122470000.0, 0.00823377], [122460000.0, 0.04312696], [122440000.0, 0.00868326], [122420000.0, 0.02], [122410000.0, 0.39161033], [122390000.0, 0.00499201], [122380000.0, 0.02], [122370000.0, 0.00602725], [122360000.0, 0.01822355]], "asks": [[122940000.0, 0.0655844], [122870000.0, 0.00014189], [122860000.0, 0.00081393], [122850000.0, 0.11182437], [122800000.0, 0.00010034], [122790000.0, 0.00070452], [122740000.0, 0.00026726], [122700000.0, 0.38943727], [122690000.0, 0.00626598], [122650000.0, 0.00836998]]},
{"timestamp": 1743771229724, "bids": [[122490000.0, 0.00843128], [122480000.0, 0.11024455], [122470000.0, 0.00823377], [122460000.0, 0.04312696], [122440000.0, 0.00868326], [122420000.0, 0.02], [122410000.0, 0.39161033], [122390000.0, 0.00499201], [122380000.0, 0.02], [122370000.0, 0.00602725]], "asks": [[122940000.0, 0.0655844], [122870000.0, 0.00014189], [122860000.0, 0.00081393], [122850000.0, 0.11182437], [122800000.0, 0.00010034], [122790000.0, 0.00070452], [122740000.0, 0.00026726], [122700000.0, 0.38943727], [122690000.0, 0.00626598], [122650000.0, 0.00836998]]},
{"timestamp": 1743771229855, "bids": [[122490000.0, 0.10993128], [122480000.0, 0.00874455], [122470000.0, 0.00823377], [122460000.0, 0.04312696], [122420000.0, 0.02], [122410000.0, 0.39161033], [122390000.0, 0.00499201], [122380000.0, 0.02], [122370000.0, 0.00602725], [122360000.0, 0.01822355]], "asks": [[122870000.0, 0.00014189], [122860000.0, 0.00081393], [122850000.0, 0.11182437], [122800000.0, 0.00010034], [122790000.0, 0.00070452], [122740000.0, 0.00026726], [122730000.0, 0.02756432], [122700000.0, 0.38943727], [122690000.0, 0.00626598], [122650000.0, 0.00836998]]},
{"timestamp": 1743771229993, "bids": [[122490000.0, 0.10993128], [122480000.0, 0.00874455], [122470000.0, 0.00823377], [122460000.0, 0.04312696], [122420000.0, 0.02], [122410000.0, 0.39161033], [122390000.0, 0.00499201], [122380000.0, 0.02], [122370000.0, 0.00602725], [122310000.0, 0.00040879]], "asks": [[122870000.0, 0.00014189], [122860000.0, 0.00081393], [122850000.0, 0.11182437], [122800000.0, 0.00010034], [122790000.0, 0.00070452], [122740000.0, 0.00026726], [122730000.0, 0.02756432], [122700000.0, 0.38943727], [122690000.0, 0.00626598], [122650000.0, 0.00836998]]},
{"timestamp": 1743771230095, "bids": [[122490000.0, 0.10993128], [122480000.0, 0.00874455], [122470000.0, 0.00823377], [122460000.0, 0.04312696], [122420000.0, 0.02], [122410000.0, 0.39161033], [122390000.0, 0.00499201], [122380000.0, 0.02], [122370000.0, 0.02499928], [122310000.0, 0.00040879]], "asks": [[122870000.0, 0.00014189], [122860000.0, 0.00081393], [122850000.0, 0.11182437], [122800000.0, 0.00010034], [122790000.0, 0.00070452], [122740000.0, 0.00026726], [122730000.0, 0.02756432], [122700000.0, 0.38943727], [122690000.0, 0.00626598], [122650000.0, 0.00836998]]},
{"timestamp": 1743771230335, "bids": [[122490000.0, 0.00843128], [122480000.0, 0.11024455], [122470000.0, 0.00823377], [122460000.0, 0.04312696], [122420000.0, 0.02], [122410000.0, 0.39161033], [122390000.0, 0.00499201], [122380000.0, 0.02], [122370000.0, 0.02499928], [122310000.0, 0.00040879]], "asks": [[122870000.0, 0.00014189], [122860000.0, 0.00081393], [122850000.0, 0.11182437], [122800000.0, 0.00010034], [122790000.0, 0.00070452], [122740000.0, 0.00026726], [122730000.0, 0.02756432], [122700000.0, 0.38943727], [122690000.0, 0.00626598], [122650000.0, 0.00836998]]},
{"timestamp": 1743771230514, "bids": [[122490000.0, 0.00843128], [122480000.0, 0.11024455], [122470000.0, 0.00823377], [122460000.0, 0.00822696], [122420000.0, 0.02], [122410000.0, 0.39161033], [122390000.0, 0.00499201], [122380000.0, 0.02], [122370000.0, 0.02499928], [122310000.0, 0.00040879]], "asks": [[122870000.0, 0.00014189], [122860000.0, 0.00081393], [122850000.0, 0.11182437], [122800000.0, 0.00010034], [122790000.0, 0.00070452], [122740000.0, 0.00026726], [122730000.0, 0.02756432], [122700000.0, 0.38943727], [122690000.0, 0.00626598], [122650000.0, 0.00836998]]},
{"timestamp": 1743771230731, "bids": [[122490000.0, 0.00843128], [122480000.0, 0.00874455], [122470000.0, 0.10973377], [122460000.0, 0.00822696], [122450000.0, 0.0349], [122420000.0, 0.02], [122410000.0, 0.39161033], [122390000.0, 0.00499201], [122380000.0, 0.02], [122370000.0, 0.02499928]], "asks": [[122870000.0, 0.00014189], [122860000.0, 0.00081393], [122850000.0, 0.11182437], [122800000.0, 0.00010034], [122790000.0, 0.00070452], [122740000.0, 0.00026726], [122730000.0, 0.02756432], [122700000.0, 0.38943727], [122690000.0, 0.00626598], [122650000.0, 0.00836998]]},
{"timestamp": 1743771230862, "bids": [[122480000.0, 0.00874455], [122470000.0, 0.10973377], [122460000.0, 0.00822696], [122450000.0, 0.0349], [122420000.0, 0.02], [122410000.0, 0.39161033], [122390000.0, 0.00499201], [122370000.0, 0.02499928], [122310000.0, 0.00040879], [122210000.0, 0.10716003]], "asks": [[122870000.0, 0.00014189], [122860000.0, 0.00081393], [122850000.0, 0.11182437], [122800000.0, 0.00010034], [122790000.0, 0.00070452], [122740000.0, 0.00026726], [122730000.0, 0.02756432], [122700000.0, 0.38943727], [122690000.0, 0.00626598], [122650000.0, 0.00836998]]},
{"timestamp": 1743771230963, "bids": [[122480000.0, 0.00874455], [122470000.0, 0.10973377], [122460000.0, 0.00822696], [122420000.0, 0.02], [122410000.0, 0.39161033], [122390000.0, 0.00499201], [122370000.0, 0.02499928], [122340000.0, 0.02], [122310000.0, 0.00040879], [122210000.0, 0.10716003]], "asks": [[122870000.0, 0.00014189], [122860000.0, 0.00081393], [122850000.0, 0.11182437], [122800000.0, 0.00010034], [122790000.0, 0.00070452], [122740000.0, 0.00026726], [122730000.0, 0.02756432], [122700000.0, 0.38943727], [122690000.0, 0.00626598], [122650000.0, 0.00836998]]},
{"timestamp": 1743771231078, "bids": [[122480000.0, 0.00874455], [122470000.0, 0.10973377], [122420000.0, 0.02], [122410000.0, 0.39662749], [122390000.0, 0.00499201], [122370000.0, 0.00602725], [122340000.0, 0.02], [122310000.0, 0.00040879], [122210000.0, 0.10716003], [122200000.0, 0.0079]], "asks": [[122860000.0, 0.00081393], [122850000.0, 0.11182437], [122800000.0, 0.00010034], [122790000.0, 0.00070452], [122740000.0, 0.00026726], [122730000.0, 0.02756432], [122700000.0, 0.38943727], [122690000.0, 0.00626598], [122650000.0, 0.00836998], [122630000.0, 0.0549]]},
{"timestamp": 1743771231185, "bids": [[122470000.0, 0.00823377], [122430000.0, 0.1364], [122420000.0, 0.02863559], [122410000.0, 0.39662749], [122390000.0, 0.00499201], [122380000.0, 0.01368771], [122370000.0, 0.00602725], [122340000.0, 0.02], [122310000.0, 0.00040879], [122210000.0, 0.10716003]], "asks": [[122860000.0, 0.00081393], [122850000.0, 0.11182437], [122800000.0, 0.00010034], [122790000.0, 0.00070452], [122740000.0, 0.00026726], [122730000.0, 0.02756432], [122700000.0, 0.38943727], [122690000.0, 0.00626598], [122650000.0, 0.00836998], [122630000.0, 0.0549]]},
{"timestamp": 1743771231312, "bids": [[122440000.0, 0.10986317], [122430000.0, 0.0349], [122420000.0, 0.02863559], [122410000.0, 0.39662749], [122390000.0, 0.00499201], [122380000.0, 0.01368771], [122370000.0, 0.00602725], [122340000.0, 0.02], [122310000.0, 0.00040879], [122210000.0, 0.10716003]], "asks": [[122860000.0, 0.00081393], [122850000.0, 0.11182437], [122800000.0, 0.00010034], [122790000.0, 0.00070452], [122740000.0, 0.00026726], [122730000.0, 0.02756432], [122700000.0, 0.38943727], [122650000.0, 0.00836998], [122630000.0, 0.0549], [122610000.0, 0.03313759]]},
{"timestamp": 1743771231642, "bids": [[122440000.0, 0.10986317], [122430000.0, 0.0349], [122420000.0, 0.02863559], [122410000.0, 0.39161033], [122390000.0, 0.00499201], [122380000.0, 0.01368771], [122370000.0, 0.00602725], [122340000.0, 0.02], [122310000.0, 0.00040879], [122210000.0, 0.10716003]], "asks": [[122850000.0, 0.11182437], [122800000.0, 0.00010034], [122790000.0, 0.00070452], [122740000.0, 0.00026726], [122730000.0, 0.02756432], [122700000.0, 0.38943727], [122690000.0, 0.02758925], [122650000.0, 0.00836998], [122630000.0, 0.0549], [122610000.0, 0.03313759]]},
{"timestamp": 1743771231798, "bids": [[122440000.0, 0.10986317], [122430000.0, 0.0349], [122420000.0, 0.02863559], [122410000.0, 0.39161033], [122390000.0, 0.00499201], [122380000.0, 0.01809643], [122370000.0, 0.00602725], [122340000.0, 0.02], [122310000.0, 0.00040879], [122210000.0, 0.10716003]], "asks": [[122850000.0, 0.11182437], [122800000.0, 0.00010034], [122790000.0, 0.00070452], [122740000.0, 0.00026726], [122730000.0, 0.02756432], [122700000.0, 0.38943727], [122690000.0, 0.02758925], [122650000.0, 0.00836998], [122630000.0, 0.0549], [122610000.0, 0.03313759]]},
{"timestamp": 1743771232277, "bids": [[122440000.0, 0.10986317], [122430000.0, 0.0349], [122420000.0, 0.02863559], [122410000.0, 0.39161033], [122390000.0, 0.00499201], [122380000.0, 0.01809643], [122370000.0, 0.00602725], [122340000.0, 0.02], [122310000.0, 0.01028873], [122210000.0, 0.10716003]], "asks": [[122850000.0, 0.11182437], [122800000.0, 0.00010034], [122790000.0, 0.00070452], [122740000.0, 0.00026726], [122730000.0, 0.02756432], [122700000.0, 0.38943727], [122690000.0, 0.02758925], [122650000.0, 0.00836998], [122630000.0, 0.0549], [122610000.0, 0.03313759]]},
{"timestamp": 1743771233598, "bids": [[122440000.0, 0.10986317], [122430000.0, 0.0349], [122420000.0, 0.02863559], [122410000.0, 0.39161033], [122390000.0, 0.00499201], [122370000.0, 0.02496795], [122340000.0, 0.02], [122310000.0, 0.01028873], [122210000.0, 0.10716003], [122200000.0, 0.0079]], "asks": [[122850000.0, 0.11182437], [122800000.0, 0.00010034], [122790000.0, 0.00070452], [122740000.0, 0.00026726], [122730000.0, 0.02756432], [122700000.0, 0.38943727], [122690000.0, 0.02758925], [122650000.0, 0.00836998], [122630000.0, 0.02], [122610000.0, 0.03313759]]},
{"timestamp": 1743771233778, "bids": [[122440000.0, 0.10986317], [122430000.0, 0.0349], [122420000.0, 0.02863559], [122410000.0, 0.39161033], [122390000.0, 0.00499201], [122370000.0, 0.02496795], [122340000.0, 0.02], [122310000.0, 0.00040879], [122210000.0, 0.10716003], [122200000.0, 0.0079]], "asks": [[122850000.0, 0.11182437], [122800000.0, 0.00010034], [122790000.0, 0.00070452], [122740000.0, 0.00026726], [122730000.0, 0.02756432], [122700000.0, 0.38943727], [122690000.0, 0.02758925], [122650000.0, 0.00836998], [122630000.0, 0.02], [122610000.0, 0.03313759]]},
{"timestamp": 1743771234172, "bids": [[122440000.0, 0.10986317], [122430000.0, 0.0349], [122420000.0, 0.02863559], [122410000.0, 0.39161033], [122390000.0, 0.00499201], [122370000.0, 0.02496795], [122340000.0, 0.02], [122310000.0, 0.00040879], [122210000.0, 0.10716003], [122200000.0, 0.0079]], "asks": [[122850000.0, 0.11182437], [122800000.0, 0.00010034], [122790000.0, 0.00070452], [122740000.0, 0.00026726], [122730000.0, 0.02756432], [122700000.0, 0.38943727], [122690000.0, 0.02758925], [122650000.0, 0.00836998], [122630000.0, 0.02], [122610000.0, 0.03313759]]},
{"timestamp": 1743771234339, "bids": [[122440000.0, 0.10986317], [122430000.0, 0.0349], [122420000.0, 0.02863559], [122410000.0, 0.39161033], [122390000.0, 0.00499201], [122370000.0, 0.02496795], [122340000.0, 0.02], [122310000.0, 0.00040879], [122210000.0, 0.10716003], [122200000.0, 0.0079]], "asks": [[122850000.0, 0.11182437], [122800000.0, 0.00010034], [122790000.0, 0.00070452], [122740000.0, 0.00026726], [122730000.0, 0.02756432], [122700000.0, 0.38943727], [122690000.0, 0.02758925], [122650000.0, 0.00836998], [122630000.0, 0.02], [122610000.0, 0.03313759]]},
{"timestamp": 1743771234603, "bids": [[122440000.0, 0.10986317], [122430000.0, 0.0349], [122420000.0, 0.02863559], [122410000.0, 0.39161033], [122390000.0, 0.00499201], [122370000.0, 0.02496795], [122340000.0, 0.02], [122310000.0, 0.00040879], [122210000.0, 0.10716003], [122200000.0, 0.0079]], "asks": [[122850000.0, 0.11182437], [122800000.0, 0.00010034], [122790000.0, 0.00070452], [122740000.0, 0.00026726], [122730000.0, 0.02756432], [122700000.0, 0.38943727], [122690000.0, 0.02758925], [122650000.0, 0.00836998], [122630000.0, 0.02], [122610000.0, 0.03313759]]},
{"timestamp": 1743771234812, "bids": [[122440000.0, 0.10986317], [122430000.0, 0.0349], [122420000.0, 0.02863559], [122410000.0, 0.39161033], [122390000.0, 0.00499201], [122370000.0, 0.02496795], [122340000.0, 0.02], [122310000.0, 0.00040879], [122220000.0, 0.00988376], [122210000.0, 0.10716003]], "asks": [[122850000.0, 0.11182437], [122800000.0, 0.00010034], [122790000.0, 0.00070452], [122740000.0, 0.00026726], [122730000.0, 0.02756432], [122700000.0, 0.38943727], [122690000.0, 0.02758925], [122650000.0, 0.00836998], [122630000.0, 0.02], [122610000.0, 0.03313759]]},
{"timestamp": 1743771235254, "bids": [[122440000.0, 0.10986317], [122420000.0, 0.02863559], [122410000.0, 0.39161033], [122390000.0, 0.00499201], [122370000.0, 0.02496795], [122340000.0, 0.02], [122310000.0, 0.00040879], [122210000.0, 0.10716003], [122200000.0, 0.0079], [122000000.0, 0.00404917]], "asks": [[122850000.0, 0.11182437], [122800000.0, 0.00010034], [122790000.0, 0.00070452], [122740000.0, 0.00026726], [122730000.0, 0.02756432], [122700000.0, 0.38943727], [122690000.0, 0.02758925], [122650000.0, 0.00836998], [122630000.0, 0.02], [122610000.0, 0.03313759]]},
{"timestamp": 1743771235355, "bids": [[122440000.0, 0.04336317], [122430000.0, 0.1015], [122420000.0, 0.02863559], [122410000.0, 0.39161033], [122390000.0, 0.00499201], [122370000.0, 0.02496795], [122340000.0, 0.02], [122310000.0, 0.00040879], [122210000.0, 0.10716003], [122200000.0, 0.0079]], "asks": [[122850000.0, 0.11182437], [122800000.0, 0.00010034], [122790000.0, 0.00070452], [122740000.0, 0.00026726], [122730000.0, 0.02756432], [122700000.0, 0.38943727], [122690000.0, 0.02758925], [122650000.0, 0.00836998], [122630000.0, 0.02], [122610000.0, 0.03313759]]},
{"timestamp": 1743771235483, "bids": [[122450000.0, 0.1015], [122440000.0, 0.00836317], [122420000.0, 0.02863559], [122410000.0, 0.39161033], [122390000.0, 0.00499201], [122370000.0, 0.02496795], [122340000.0, 0.02], [122310000.0, 0.00040879], [122210000.0, 0.10716003], [122200000.0, 0.0079]], "asks": [[122850000.0, 0.11182437], [122800000.0, 0.00010034], [122790000.0, 0.00070452], [122740000.0, 0.00026726], [122730000.0, 0.02756432], [122700000.0, 0.38943727], [122690000.0, 0.02758925], [122650000.0, 0.00836998], [122630000.0, 0.02], [122610000.0, 0.03313759]]},
{"timestamp": 1743771235613, "bids": [[122440000.0, 0.00836317], [122430000.0, 0.1015], [122420000.0, 0.02863559], [122390000.0, 0.00499201], [122370000.0, 0.02496795], [122340000.0, 0.02], [122310000.0, 0.00040879], [122210000.0, 0.10716003], [122200000.0, 0.0079], [122000000.0, 0.00404917]], "asks": [[122850000.0, 0.11182437], [122800000.0, 0.00010034], [122790000.0, 0.00070452], [122740000.0, 0.00026726], [122730000.0, 0.02756432], [122700000.0, 0.38943727], [122690000.0, 0.02758925], [122650000.0, 0.00836998], [122630000.0, 0.02], [122610000.0, 0.03313759]]},
{"timestamp": 1743771235731, "bids": [[122440000.0, 0.00836317], [122430000.0, 0.49304635], [122420000.0, 0.02863559], [122390000.0, 0.00499201], [122370000.0, 0.02496795], [122340000.0, 0.02], [122310000.0, 0.00040879], [122210000.0, 0.10716003], [122200000.0, 0.0079], [122000000.0, 0.00404917]], "asks": [[122850000.0, 0.11182437], [122800000.0, 0.00010034], [122790000.0, 0.00070452], [122740000.0, 0.00026726], [122730000.0, 0.02756432], [122700000.0, 0.38943727], [122690000.0, 0.02758925], [122650000.0, 0.00836998], [122630000.0, 0.02], [122610000.0, 0.03313759]]},
{"timestamp": 1743771235868, "bids": [[122440000.0, 0.10986317], [122430000.0, 0.39154635], [122420000.0, 0.02863559], [122390000.0, 0.00499201], [122370000.0, 0.02496795], [122340000.0, 0.02], [122310000.0, 0.00040879], [122210000.0, 0.10716003], [122200000.0, 0.0079], [122000000.0, 0.00404917]], "asks": [[122860000.0, 0.00081393], [122850000.0, 0.11182437], [122800000.0, 0.00010034], [122790000.0, 0.00070452], [122740000.0, 0.00026726], [122730000.0, 0.02756432], [122700000.0, 0.38943727], [122690000.0, 0.02758925], [122650000.0, 0.00836998], [122630000.0, 0.02]]},
{"timestamp": 1743771235976, "bids": [[122440000.0, 0.10986317], [122430000.0, 0.39154635], [122420000.0, 0.00863559], [122390000.0, 0.00499201], [122370000.0, 0.02496795], [122340000.0, 0.02], [122310000.0, 0.00040879], [122210000.0, 0.10716003], [122200000.0, 0.0079], [122000000.0, 0.00404917]], "asks": [[122860000.0, 0.00081393], [122850000.0, 0.11182437], [122800000.0, 0.00010034], [122790000.0, 0.00070452], [122740000.0, 0.00026726], [122730000.0, 0.02756432], [122700000.0, 0.38943727], [122690000.0, 0.02758925], [122650000.0, 0.00836998], [122630000.0, 0.02]]},
{"timestamp": 1743771236077, "bids": [[122440000.0, 0.10986317], [122420000.0, 0.00863559], [122390000.0, 0.00499201], [122380000.0, 0.02], [122370000.0, 0.02496795], [122340000.0, 0.02], [122310000.0, 0.00040879], [122210000.0, 0.10716003], [122200000.0, 0.0079], [122000000.0, 0.00404917]], "asks": [[122850000.0, 0.11182437], [122800000.0, 0.00010034], [122790000.0, 0.00070452], [122740000.0, 0.00026726], [122730000.0, 0.02756432], [122700000.0, 0.38943727], [122690000.0, 0.02758925], [122650000.0, 0.00836998], [122630000.0, 0.02], [122610000.0, 0.00869688]]},
{"timestamp": 1743771236189, "bids": [[122440000.0, 0.00836317], [122430000.0, 0.1015], [122420000.0, 0.00863559], [122380000.0, 0.02], [122370000.0, 0.02496795], [122310000.0, 0.00040879], [122300000.0, 0.02], [122210000.0, 0.10716003], [122200000.0, 0.0079], [122000000.0, 0.00404917]], "asks": [[122800000.0, 0.00010034], [122790000.0, 0.00070452], [122740000.0, 0.00026726], [122730000.0, 0.02756432], [122700000.0, 0.38943727], [122690000.0, 0.02758925], [122650000.0, 0.00836998], [122630000.0, 0.02], [122610000.0, 0.00869688], [122600000.0, 0.04014374]]},
{"timestamp": 1743771236316, "bids": [[122420000.0, 0.00863559], [122410000.0, 0.39161033], [122390000.0, 0.1015], [122380000.0, 0.02], [122370000.0, 0.03333793], [122310000.0, 0.00040879], [122300000.0, 0.02], [122210000.0, 0.10716003], [122200000.0, 0.0079], [122000000.0, 0.00404917]], "asks": [[122800000.0, 0.00010034], [122790000.0, 0.00070452], [122740000.0, 0.00026726], [122730000.0, 0.02756432], [122700000.0, 0.38943727], [122690000.0, 0.02758925], [122630000.0, 0.02], [122610000.0, 0.00869688], [122600000.0, 0.04014374], [122590000.0, 0.03253268]]},
{"timestamp": 1743771236449, "bids": [[122420000.0, 0.1015], [122410000.0, 0.40010971], [122390000.0, 0.0338], [122380000.0, 0.02], [122370000.0, 0.03333793], [122310000.0, 0.00040879], [122300000.0, 0.02], [122210000.0, 0.10716003], [122200000.0, 0.0079], [122000000.0, 0.00404917]], "asks": [[122850000.0, 0.11182437], [122800000.0, 0.00010034], [122790000.0, 0.00070452], [122740000.0, 0.00026726], [122730000.0, 0.02756432], [122700000.0, 0.38943727], [122690000.0, 0.02758925], [122630000.0, 0.02], [122600000.0, 0.04014374], [122590000.0, 0.03253268]]},
{"timestamp": 1743771236581, "bids": [[122420000.0, 0.1015], [122410000.0, 0.40010971], [122390000.0, 0.0338], [122380000.0, 0.02], [122370000.0, 0.03333793], [122310000.0, 0.00040879], [122300000.0, 0.02], [122210000.0, 0.10716003], [122200000.0, 0.0079], [122000000.0, 0.00404917]], "asks": [[122850000.0, 0.11182437], [122800000.0, 0.00010034], [122790000.0, 0.00070452], [122740000.0, 0.00026726], [122730000.0, 0.02756432], [122700000.0, 0.38943727], [122690000.0, 0.02758925], [122630000.0, 0.02], [122600000.0, 0.04014374], [122590000.0, 0.02418313]]},
{"timestamp": 1743771237442, "bids": [[122420000.0, 0.1015], [122410000.0, 0.40010971], [122390000.0, 0.0338], [122380000.0, 0.02], [122370000.0, 0.01439723], [122350000.0, 0.0232571], [122310000.0, 0.00040879], [122300000.0, 0.02], [122210000.0, 0.10716003], [122200000.0, 0.0079]], "asks": [[122850000.0, 0.11182437], [122800000.0, 0.00010034], [122790000.0, 0.00070452], [122740000.0, 0.00026726], [122730000.0, 0.02756432], [122700000.0, 0.38943727], [122690000.0, 0.02758925], [122630000.0, 0.02], [122600000.0, 0.04014374], [122590000.0, 0.02418313]]},
{"timestamp": 1743771237595, "bids": [[122420000.0, 0.1015], [122410000.0, 0.40010971], [122390000.0, 0.0338], [122380000.0, 0.02], [122370000.0, 0.01439723], [122350000.0, 0.0232571], [122310000.0, 0.00040879], [122300000.0, 0.02], [122220000.0, 0.00988496], [122210000.0, 0.10716003]], "asks": [[122850000.0, 0.11182437], [122800000.0, 0.00010034], [122790000.0, 0.00070452], [122740000.0, 0.00026726], [122730000.0, 0.02756432], [122700000.0, 0.38943727], [122690000.0, 0.02758925], [122630000.0, 0.02], [122600000.0, 0.04014374], [122590000.0, 0.02418313]]},
{"timestamp": 1743771237730, "bids": [[122420000.0, 0.1015], [122410000.0, 0.40010971], [122390000.0, 0.0338], [122380000.0, 0.02], [122370000.0, 0.01439723], [122350000.0, 0.0232571], [122310000.0, 0.00040879], [122300000.0, 0.02], [122220000.0, 0.00988496], [122210000.0, 0.10716003]], "asks": [[122860000.0, 0.00081393], [122850000.0, 0.11182437], [122800000.0, 0.00010034], [122790000.0, 0.00070452], [122740000.0, 0.00026726], [122730000.0, 0.02756432], [122700000.0, 0.38943727], [122630000.0, 0.02], [122600000.0, 0.04014374], [122590000.0, 0.02418313]]},
{"timestamp": 1743771237925, "bids": [[122420000.0, 0.1015], [122410000.0, 0.40010971], [122390000.0, 0.0338], [122380000.0, 0.02], [122370000.0, 0.01439723], [122350000.0, 0.0232571], [122310000.0, 0.00040879], [122300000.0, 0.02], [122220000.0, 0.00988496], [122210000.0, 0.10716003]], "asks": [[122860000.0, 0.00081393], [122850000.0, 0.11182437], [122800000.0, 0.00010034], [122790000.0, 0.00070452], [122740000.0, 0.00026726], [122730000.0, 0.02756432], [122700000.0, 0.38943727], [122630000.0, 0.02], [122600000.0, 0.04014374], [122590000.0, 0.02418313]]},
{"timestamp": 1743771238245, "bids": [[122420000.0, 0.1015], [122410000.0, 0.40010971], [122390000.0, 0.0338], [122380000.0, 0.02], [122370000.0, 0.01439723], [122350000.0, 0.0232571], [122310000.0, 0.00040879], [122300000.0, 0.02], [122220000.0, 0.00988496], [122210000.0, 0.10716003]], "asks": [[122870000.0, 0.00014189], [122860000.0, 0.00081393], [122850000.0, 0.11182437], [122800000.0, 0.00010034], [122790000.0, 0.00070452], [122740000.0, 0.00026726], [122730000.0, 0.02756432], [122700000.0, 0.38943727], [122630000.0, 0.02], [122600000.0, 0.04014374]]},
{"timestamp": 1743771238386, "bids": [[122420000.0, 0.11004705], [122410000.0, 0.40010971], [122390000.0, 0.0338], [122380000.0, 0.02], [122370000.0, 0.01439723], [122350000.0, 0.0232571], [122310000.0, 0.00040879], [122300000.0, 0.02], [122220000.0, 0.00988496], [122210000.0, 0.10716003]], "asks": [[122870000.0, 0.00014189], [122860000.0, 0.00081393], [122850000.0, 0.11182437], [122800000.0, 0.00010034], [122790000.0, 0.00070452], [122740000.0, 0.00026726], [122730000.0, 0.02756432], [122700000.0, 0.38943727], [122630000.0, 0.02], [122600000.0, 0.04014374]]},
{"timestamp": 1743771238788, "bids": [[122420000.0, 0.11004705], [122410000.0, 0.43390971], [122380000.0, 0.02], [122370000.0, 0.01439723], [122350000.0, 0.0232571], [122310000.0, 0.00040879], [122300000.0, 0.02], [122220000.0, 0.00988496], [122210000.0, 0.10716003], [122200000.0, 0.0079]], "asks": [[122870000.0, 0.00014189], [122860000.0, 0.00081393], [122850000.0, 0.11182437], [122800000.0, 0.00010034], [122790000.0, 0.00070452], [122740000.0, 0.00026726], [122730000.0, 0.02756432], [122700000.0, 0.38943727], [122630000.0, 0.02], [122600000.0, 0.04014374]]},
{"timestamp": 1743771239092, "bids": [[122420000.0, 0.11004705], [122410000.0, 0.43390971], [122380000.0, 0.02], [122370000.0, 0.01439723], [122350000.0, 0.0232571], [122310000.0, 0.00040879], [122300000.0, 0.02], [122220000.0, 0.00988496], [122210000.0, 0.10716003], [122200000.0, 0.0079]], "asks": [[122870000.0, 0.00014189], [122860000.0, 0.00081393], [122850000.0, 0.11182437], [122800000.0, 0.00010034], [122790000.0, 0.00070452], [122740000.0, 0.00026726], [122730000.0, 0.00832371], [122700000.0, 0.38943727], [122630000.0, 0.02], [122600000.0, 0.04014374]]},
{"timestamp": 1743771239280, "bids": [[122420000.0, 0.11004705], [122410000.0, 0.43390971], [122380000.0, 0.02], [122370000.0, 0.01439723], [122310000.0, 0.00040879], [122300000.0, 0.02], [122220000.0, 0.00988496], [122210000.0, 0.10716003], [122200000.0, 0.0079], [122000000.0, 0.00404917]], "asks": [[122870000.0, 0.00014189], [122860000.0, 0.00081393], [122850000.0, 0.11182437], [122800000.0, 0.00010034], [122790000.0, 0.00070452], [122740000.0, 0.00026726], [122730000.0, 0.00832371], [122700000.0, 0.38943727], [122630000.0, 0.02], [122600000.0, 0.04014374]]},
{"timestamp": 1743771239412, "bids": [[122420000.0, 0.11004705], [122410000.0, 0.43390971], [122380000.0, 0.02], [122370000.0, 0.01439723], [122330000.0, 0.02410556], [122310000.0, 0.00040879], [122300000.0, 0.02], [122220000.0, 0.00988496], [122210000.0, 0.10716003], [122200000.0, 0.0079]], "asks": [[122870000.0, 0.00014189], [122860000.0, 0.00081393], [122850000.0, 0.11182437], [122800000.0, 0.00010034], [122790000.0, 0.00070452], [122740000.0, 0.00026726], [122730000.0, 0.00832371], [122700000.0, 0.38943727], [122630000.0, 0.02], [122600000.0, 0.04014374]]},
{"timestamp": 1743771239573, "bids": [[122420000.0, 0.11004705], [122410000.0, 0.43390971], [122380000.0, 0.02], [122370000.0, 0.01439723], [122330000.0, 0.02410556], [122310000.0, 0.00040879], [122300000.0, 0.02], [122210000.0, 0.10716003], [122200000.0, 0.0079], [122000000.0, 0.00404917]], "asks": [[122940000.0, 0.0655844], [122870000.0, 0.00014189], [122860000.0, 0.00081393], [122850000.0, 0.11182437], [122800000.0, 0.00010034], [122790000.0, 0.00070452], [122740000.0, 0.00026726], [122730000.0, 0.00832371], [122700000.0, 0.38943727], [122630000.0, 0.02]]},
{"timestamp": 1743771239757, "bids": [[122420000.0, 0.11004705], [122410000.0, 0.43390971], [122380000.0, 0.02], [122370000.0, 0.01439723], [122330000.0, 0.02410556], [122310000.0, 0.00040879], [122300000.0, 0.02], [122210000.0, 0.10716003], [122200000.0, 0.0079], [122000000.0, 0.00404917]], "asks": [[122960000.0, 0.00019957], [122940000.0, 0.0655844], [122870000.0, 0.00014189], [122860000.0, 0.00081393], [122850000.0, 0.11182437], [122800000.0, 0.00010034], [122790000.0, 0.00070452], [122740000.0, 0.00026726], [122730000.0, 0.00832371], [122650000.0, 0.38957661]]},
{"timestamp": 1743771239905, "bids": [[122430000.0, 0.0087718], [122420000.0, 0.13004705], [122410000.0, 0.43390971], [122380000.0, 0.02], [122370000.0, 0.01439723], [122330000.0, 0.02410556], [122310000.0, 0.00040879], [122300000.0, 0.02], [122210000.0, 0.10716003], [122200000.0, 0.0079]], "asks": [[122960000.0, 0.00019957], [122940000.0, 0.0655844], [122870000.0, 0.00014189], [122860000.0, 0.00081393], [122850000.0, 0.11182437], [122800000.0, 0.00010034], [122790000.0, 0.00070452], [122740000.0, 0.00026726], [122730000.0, 0.00832371], [122680000.0, 0.38950145]]},
{"timestamp": 1743771240033, "bids": [[122430000.0, 0.1102718], [122420000.0, 0.02854705], [122410000.0, 0.43390971], [122380000.0, 0.02], [122370000.0, 0.01439723], [122330000.0, 0.02410556], [122310000.0, 0.00040879], [122300000.0, 0.02], [122210000.0, 0.10716003], [122200000.0, 0.0079]], "asks": [[122960000.0, 0.00019957], [122940000.0, 0.0655844], [122870000.0, 0.00014189], [122860000.0, 0.00081393], [122850000.0, 0.11182437], [122800000.0, 0.00010034], [122790000.0, 0.00070452], [122740000.0, 0.00026726], [122730000.0, 0.00832371], [122680000.0, 0.38950145]]},
{"timestamp": 1743771240203, "bids": [[122440000.0, 0.00860835], [122430000.0, 0.1102718], [122420000.0, 0.02854705], [122410000.0, 0.43390971], [122380000.0, 0.02], [122370000.0, 0.00836998], [122350000.0, 0.00501178], [122330000.0, 0.02410556], [122310000.0, 0.00040879], [122300000.0, 0.02]], "asks": [[122960000.0, 0.00019957], [122940000.0, 0.0655844], [122870000.0, 0.00014189], [122860000.0, 0.00081393], [122850000.0, 0.11182437], [122800000.0, 0.00010034], [122790000.0, 0.00070452], [122740000.0, 0.00026726], [122730000.0, 0.00832371], [122680000.0, 0.38950145]]},
{"timestamp": 1743771240333, "bids": [[122440000.0, 0.11010835], [122430000.0, 0.0087718], [122420000.0, 0.02854705], [122410000.0, 0.43390971], [122380000.0, 0.02], [122350000.0, 0.00501178], [122330000.0, 0.02410556], [122310000.0, 0.00040879], [122300000.0, 0.02], [122220000.0, 0.00358659]], "asks": [[122940000.0, 0.0655844], [122870000.0, 0.00014189], [122860000.0, 0.00081393], [122850000.0, 0.11182437], [122800000.0, 0.00010034], [122790000.0, 0.00070452], [122740000.0, 0.00026726], [122730000.0, 0.00832371], [122680000.0, 0.38950145], [122670000.0, 0.02761178]]},
{"timestamp": 1743771240597, "bids": [[122440000.0, 0.11010835], [122430000.0, 0.0087718], [122420000.0, 0.02854705], [122410000.0, 0.43390971], [122380000.0, 0.02], [122350000.0, 0.00501178], [122330000.0, 0.02410556], [122310000.0, 0.00040879], [122300000.0, 0.02], [122210000.0, 0.10716003]], "asks": [[122960000.0, 0.00019957], [122940000.0, 0.0655844], [122870000.0, 0.00014189], [122860000.0, 0.00081393], [122850000.0, 0.11182437], [122800000.0, 0.00010034], [122790000.0, 0.00070452], [122740000.0, 0.00026726], [122680000.0, 0.38950145], [122670000.0, 0.02761178]]},
{"timestamp": 1743771240783, "bids": [[122440000.0, 0.11010835], [122430000.0, 0.0087718], [122420000.0, 0.02854705], [122410000.0, 0.43390971], [122380000.0, 0.02], [122350000.0, 0.00501178], [122330000.0, 0.02410556], [122310000.0, 0.00040879], [122300000.0, 0.02], [122210000.0, 0.10716003]], "asks": [[122960000.0, 0.00019957], [122940000.0, 0.0655844], [122870000.0, 0.00014189], [122860000.0, 0.00081393], [122850000.0, 0.11182437], [122800000.0, 0.00010034], [122790000.0, 0.00070452], [122740000.0, 0.00026726], [122680000.0, 0.38950145], [122670000.0, 0.02761178]]},
{"timestamp": 1743771241212, "bids": [[122450000.0, 0.00863559], [122440000.0, 0.11010835], [122430000.0, 0.0087718], [122420000.0, 0.02854705], [122410000.0, 0.40010971], [122350000.0, 0.00501178], [122340000.0, 0.02], [122330000.0, 0.02410556], [122310000.0, 0.00040879], [122300000.0, 0.02]], "asks": [[122960000.0, 0.00019957], [122940000.0, 0.0655844], [122870000.0, 0.00014189], [122860000.0, 0.00081393], [122850000.0, 0.11182437], [122800000.0, 0.00010034], [122790000.0, 0.00070452], [122740000.0, 0.00026726], [122680000.0, 0.38950145], [122670000.0, 0.02761178]]},
{"timestamp": 1743771241313, "bids": [[122450000.0, 0.11023559], [122440000.0, 0.00860835], [122430000.0, 0.0424718], [122420000.0, 0.02854705], [122410000.0, 0.40010971], [122350000.0, 0.00501178], [122340000.0, 0.02], [122330000.0, 0.02410556], [122310000.0, 0.00040879], [122210000.0, 0.10716003]], "asks": [[122960000.0, 0.00019957], [122940000.0, 0.0655844], [122870000.0, 0.00014189], [122860000.0, 0.00081393], [122850000.0, 0.11182437], [122800000.0, 0.00010034], [122790000.0, 0.00070452], [122740000.0, 0.00026726], [122680000.0, 0.38950145], [122670000.0, 0.02761178]]},
{"timestamp": 1743771241426, "bids": [[122450000.0, 0.11023559], [122440000.0, 0.00860835], [122430000.0, 0.0087718], [122420000.0, 0.06234705], [122410000.0, 0.39161033], [122350000.0, 0.00501178], [122340000.0, 0.02], [122330000.0, 0.02410556], [122310000.0, 0.00040879], [122210000.0, 0.10716003]], "asks": [[122960000.0, 0.00019957], [122940000.0, 0.0655844], [122870000.0, 0.00014189], [122860000.0, 0.00081393], [122850000.0, 0.11182437], [122800000.0, 0.00010034], [122790000.0, 0.00070452], [122740000.0, 0.00026726], [122680000.0, 0.38950145], [122670000.0, 0.02761178]]},
{"timestamp": 1743771241902, "bids": [[122450000.0, 0.11023559], [122440000.0, 0.00860835], [122430000.0, 0.0087718], [122420000.0, 0.06234705], [122410000.0, 0.39161033], [122350000.0, 0.00501178], [122340000.0, 0.02], [122330000.0, 0.02410556], [122310000.0, 0.00040879], [122210000.0, 0.10716003]], "asks": [[122940000.0, 0.0655844], [122870000.0, 0.00014189], [122860000.0, 0.00081393], [122850000.0, 0.11182437], [122800000.0, 0.00010034], [122790000.0, 0.00070452], [122740000.0, 0.00026726], [122730000.0, 0.00722424], [122680000.0, 0.38950145], [122670000.0, 0.02761178]]},
{"timestamp": 1743771242390, "bids": [[122450000.0, 0.11023559], [122440000.0, 0.00860835], [122430000.0, 0.0087718], [122420000.0, 0.06234705], [122410000.0, 0.39161033], [122350000.0, 0.00501178], [122340000.0, 0.02], [122330000.0, 0.02410556], [122310000.0, 0.00040879], [122210000.0, 0.10716003]], "asks": [[122940000.0, 0.0655844], [122870000.0, 0.00014189], [122860000.0, 0.00081393], [122850000.0, 0.11182437], [122800000.0, 0.00010034], [122790000.0, 0.00070452], [122740000.0, 0.00026726], [122730000.0, 0.00722424], [122680000.0, 0.38950145], [122670000.0, 0.02761178]]},
{"timestamp": 1743771242552, "bids": [[122450000.0, 0.11023559], [122440000.0, 0.00860835], [122430000.0, 0.0087718], [122420000.0, 0.06234705], [122410000.0, 0.39161033], [122350000.0, 0.00501178], [122340000.0, 0.02], [122330000.0, 0.02410556], [122310000.0, 0.00040879], [122210000.0, 0.10716003]], "asks": [[122940000.0, 0.0655844], [122870000.0, 0.00014189], [122860000.0, 0.00081393], [122850000.0, 0.11182437], [122800000.0, 0.00010034], [122790000.0, 0.00070452], [122740000.0, 0.00026726], [122730000.0, 0.00722424], [122680000.0, 0.38950145], [122670000.0, 0.02761178]]},
{"timestamp": 1743771242665, "bids": [[122450000.0, 0.11023559], [122440000.0, 0.00860835], [122430000.0, 0.0087718], [122420000.0, 0.06234705], [122410000.0, 0.39161033], [122350000.0, 0.00501178], [122340000.0, 0.02], [122330000.0, 0.02410556], [122310000.0, 0.00040879], [122220000.0, 0.00989189]], "asks": [[122870000.0, 0.00014189], [122860000.0, 0.00081393], [122850000.0, 0.11182437], [122800000.0, 0.00010034], [122790000.0, 0.00070452], [122740000.0, 0.00026726], [122730000.0, 0.00722424], [122680000.0, 0.38950145], [122670000.0, 0.02761178], [122620000.0, 0.00875818]]},
{"timestamp": 1743771242963, "bids": [[122450000.0, 0.11023559], [122440000.0, 0.00860835], [122430000.0, 0.0087718], [122420000.0, 0.02854705], [122410000.0, 0.39161033], [122350000.0, 0.00501178], [122340000.0, 0.02], [122330000.0, 0.02410556], [122310000.0, 0.00040879], [122220000.0, 0.00989189]], "asks": [[122870000.0, 0.00014189], [122860000.0, 0.00081393], [122850000.0, 0.11182437], [122800000.0, 0.00010034], [122790000.0, 0.00070452], [122740000.0, 0.00026726], [122730000.0, 0.00722424], [122680000.0, 0.38950145], [122670000.0, 0.02761178], [122620000.0, 0.00875818]]},
{"timestamp": 1743771243314, "bids": [[122450000.0, 0.11023559], [122440000.0, 0.00860835], [122430000.0, 0.0087718], [122420000.0, 0.02854705], [122410000.0, 0.39161033], [122350000.0, 0.00501178], [122340000.0, 0.02], [122330000.0, 0.02410556], [122310000.0, 0.00040879], [122220000.0, 0.00989189]], "asks": [[122870000.0, 0.00014189], [122860000.0, 0.00081393], [122850000.0, 0.11182437], [122800000.0, 0.00010034], [122790000.0, 0.00070452], [122740000.0, 0.00026726], [122730000.0, 0.00722424], [122680000.0, 0.38950145], [122670000.0, 0.00627266], [122620000.0, 0.00875818]]},
{"timestamp": 1743771243556, "bids": [[122450000.0, 0.11023559], [122440000.0, 0.00860835], [122430000.0, 0.0087718], [122420000.0, 0.06234705], [122410000.0, 0.39161033], [122350000.0, 0.00501178], [122340000.0, 0.02], [122330000.0, 0.02410556], [122310000.0, 0.00040879], [122220000.0, 0.00989189]], "asks": [[122870000.0, 0.00014189], [122860000.0, 0.00081393], [122850000.0, 0.11182437], [122800000.0, 0.00010034], [122790000.0, 0.00070452], [122740000.0, 0.00026726], [122730000.0, 0.00722424], [122680000.0, 0.38950145], [122670000.0, 0.00627266], [122620000.0, 0.00875818]]},
{"timestamp": 1743771243658, "bids": [[122450000.0, 0.11023559], [122440000.0, 0.00860835], [122430000.0, 0.0087718], [122420000.0, 0.06234705], [122410000.0, 0.39161033], [122350000.0, 0.00501178], [122340000.0, 0.02], [122330000.0, 0.02410556], [122310000.0, 0.00040879], [122210000.0, 0.10716003]], "asks": [[122940000.0, 0.0655844], [122870000.0, 0.00014189], [122860000.0, 0.00081393], [122850000.0, 0.11182437], [122800000.0, 0.00010034], [122790000.0, 0.00070452], [122740000.0, 0.00026726], [122730000.0, 0.00722424], [122680000.0, 0.38950145], [122620000.0, 0.00875818]]},
{"timestamp": 1743771244333, "bids": [[122450000.0, 0.11023559], [122440000.0, 0.00860835], [122430000.0, 0.0087718], [122420000.0, 0.06234705], [122410000.0, 0.39161033], [122350000.0, 0.00501178], [122340000.0, 0.02], [122330000.0, 0.02410556], [122310000.0, 0.00040879], [122210000.0, 0.10716003]], "asks": [[122940000.0, 0.0655844], [122870000.0, 0.00014189], [122860000.0, 0.00081393], [122850000.0, 0.11182437], [122800000.0, 0.00010034], [122790000.0, 0.00070452], [122740000.0, 0.00026726], [122730000.0, 0.00722424], [122680000.0, 0.38950145], [122620000.0, 0.00875818]]},
{"timestamp": 1743771244564, "bids": [[122450000.0, 0.11023559], [122440000.0, 0.00860835], [122430000.0, 0.0087718], [122420000.0, 0.06234705], [122410000.0, 0.39161033], [122350000.0, 0.00501178], [122340000.0, 0.02], [122330000.0, 0.02410556], [122310000.0, 0.00040879], [122210000.0, 0.10716003]], "asks": [[122940000.0, 0.0655844], [122870000.0, 0.00014189], [122860000.0, 0.00081393], [122850000.0, 0.11182437], [122800000.0, 0.00010034], [122790000.0, 0.00070452], [122740000.0, 0.00026726], [122730000.0, 0.00722424], [122680000.0, 0.38950145], [122620000.0, 0.00875818]]},
{"timestamp": 1743771244925, "bids": [[122450000.0, 0.11023559], [122440000.0, 0.00860835], [122420000.0, 0.06234705], [122410000.0, 0.39161033], [122350000.0, 0.00501178], [122340000.0, 0.02], [122330000.0, 0.02410556], [122310000.0, 0.00040879], [122210000.0, 0.10716003], [122200000.0, 0.0079]], "asks": [[122940000.0, 0.0655844], [122870000.0, 0.00014189], [122860000.0, 0.00081393], [122850000.0, 0.11182437], [122800000.0, 0.00010034], [122790000.0, 0.00070452], [122740000.0, 0.00026726], [122730000.0, 0.00722424], [122680000.0, 0.38950145], [122620000.0, 0.00875818]]},
{"timestamp": 1743771245295, "bids": [[122450000.0, 0.11023559], [122440000.0, 0.00860835], [122420000.0, 0.06234705], [122410000.0, 0.39161033], [122350000.0, 0.00501178], [122340000.0, 0.04428439], [122310000.0, 0.00040879], [122210000.0, 0.10716003], [122200000.0, 0.0079], [122000000.0, 0.00404917]], "asks": [[122940000.0, 0.0655844], [122870000.0, 0.00014189], [122860000.0, 0.00081393], [122850000.0, 0.11182437], [122800000.0, 0.00010034], [122790000.0, 0.00070452], [122740000.0, 0.00026726], [122730000.0, 0.00722424], [122680000.0, 0.38950145], [122620000.0, 0.00875818]]},
{"timestamp": 1743771245399, "bids": [[122450000.0, 0.11023559], [122440000.0, 0.00860835], [122420000.0, 0.06234705], [122410000.0, 0.39161033], [122350000.0, 0.00501178], [122340000.0, 0.04428439], [122310000.0, 0.00040879], [122220000.0, 0.00989047], [122210000.0, 0.10716003], [122200000.0, 0.0079]], "asks": [[123010000.0, 0.00059161], [122960000.0, 0.00019957], [122940000.0, 0.0655844], [122870000.0, 0.00014189], [122860000.0, 0.00081393], [122850000.0, 0.11182437], [122800000.0, 0.00010034], [122790000.0, 0.00070452], [122740000.0, 0.00026726], [122680000.0, 0.38950145]]},
{"timestamp": 1743771245502, "bids": [[122450000.0, 0.11023559], [122440000.0, 0.00860835], [122420000.0, 0.06234705], [122410000.0, 0.39161033], [122350000.0, 0.00501178], [122340000.0, 0.04428439], [122310000.0, 0.00040879], [122220000.0, 0.00989047], [122210000.0, 0.10716003], [122200000.0, 0.0079]], "asks": [[122960000.0, 0.00019957], [122940000.0, 0.0655844], [122870000.0, 0.00014189], [122860000.0, 0.00081393], [122850000.0, 0.11182437], [122800000.0, 0.00010034], [122790000.0, 0.00070452], [122740000.0, 0.00026726], [122680000.0, 0.38950145], [122620000.0, 0.00875818]]},
{"timestamp": 1743771245688, "bids": [[122450000.0, 0.11023559], [122440000.0, 0.00860835], [122420000.0, 0.06234705], [122410000.0, 0.39161033], [122350000.0, 0.00501178], [122340000.0, 0.04428439], [122310000.0, 0.00040879], [122220000.0, 0.00989047], [122210000.0, 0.10716003], [122200000.0, 0.0079]], "asks": [[122960000.0, 0.00019957], [122940000.0, 0.0655844], [122870000.0, 0.00014189], [122860000.0, 0.00081393], [122850000.0, 0.11182437], [122800000.0, 0.00010034], [122790000.0, 0.00070452], [122740000.0, 0.00026726], [122680000.0, 0.38950145], [122620000.0, 0.00875818]]},
{"timestamp": 1743771245810, "bids": [[122450000.0, 0.11023559], [122440000.0, 0.00860835], [122420000.0, 0.06234705], [122410000.0, 0.39161033], [122350000.0, 0.00501178], [122340000.0, 0.04428439], [122310000.0, 0.00040879], [122210000.0, 0.10716003], [122200000.0, 0.0079], [122000000.0, 0.00404917]], "asks": [[122960000.0, 0.00019957], [122940000.0, 0.0655844], [122870000.0, 0.00014189], [122860000.0, 0.00081393], [122850000.0, 0.11182437], [122800000.0, 0.00010034], [122790000.0, 0.00070452], [122740000.0, 0.00026726], [122680000.0, 0.38950145], [122670000.0, 0.00626404]]},
{"timestamp": 1743771245935, "bids": [[122450000.0, 0.11023559], [122440000.0, 0.00860835], [122420000.0, 0.06234705], [122410000.0, 0.39161033], [122350000.0, 0.00501178], [122340000.0, 0.04428439], [122310000.0, 0.00040879], [122210000.0, 0.10716003], [122200000.0, 0.0079], [122000000.0, 0.00404917]], "asks": [[122940000.0, 0.0655844], [122870000.0, 0.00014189], [122860000.0, 0.00081393], [122850000.0, 0.11182437], [122800000.0, 0.00010034], [122790000.0, 0.00070452], [122740000.0, 0.00026726], [122680000.0, 0.38950145], [122670000.0, 0.00626404], [122630000.0, 0.00485424]]},
{"timestamp": 1743771246076, "bids": [[122450000.0, 0.11023559], [122440000.0, 0.00860835], [122420000.0, 0.06234705], [122410000.0, 0.39161033], [122350000.0, 0.00501178], [122340000.0, 0.04428439], [122310000.0, 0.00040879], [122210000.0, 0.10716003], [122200000.0, 0.0079], [122000000.0, 0.00404917]], "asks": [[122960000.0, 0.00019957], [122940000.0, 0.0655844], [122870000.0, 0.00014189], [122860000.0, 0.00081393], [122850000.0, 0.11182437], [122800000.0, 0.00010034], [122790000.0, 0.00070452], [122740000.0, 0.00026726], [122680000.0, 0.38950145], [122630000.0, 0.02912362]]},
{"timestamp": 1743771246287, "bids": [[122450000.0, 0.11023559], [122440000.0, 0.00860835], [122420000.0, 0.06234705], [122410000.0, 0.39161033], [122350000.0, 0.00501178], [122340000.0, 0.04428439], [122310000.0, 0.00040879], [122210000.0, 0.10716003], [122200000.0, 0.0079], [122000000.0, 0.00404917]], "asks": [[122960000.0, 0.00019957], [122940000.0, 0.0655844], [122870000.0, 0.00014189], [122860000.0, 0.00081393], [122850000.0, 0.11182437], [122800000.0, 0.00010034], [122790000.0, 0.00070452], [122740000.0, 0.00026726], [122680000.0, 0.38950145], [122630000.0, 0.02912362]]},
{"timestamp": 1743771246692, "bids": [[122450000.0, 0.11023559], [122440000.0, 0.00860835], [122420000.0, 0.06234705], [122410000.0, 0.39161033], [122350000.0, 0.00501178], [122340000.0, 0.04428439], [122310000.0, 0.00040879], [122210000.0, 0.10716003], [122200000.0, 0.0079], [122000000.0, 0.00404917]], "asks": [[122960000.0, 0.00019957], [122940000.0, 0.0655844], [122870000.0, 0.00014189], [122860000.0, 0.00081393], [122850000.0, 0.11182437], [122800000.0, 0.00010034], [122790000.0, 0.00070452], [122740000.0, 0.00026726], [122680000.0, 0.38950145], [122630000.0, 0.02912362]]},
{"timestamp": 1743771246847, "bids": [[122450000.0, 0.11023559], [122440000.0, 0.00860835], [122420000.0, 0.06234705], [122410000.0, 0.39161033], [122350000.0, 0.00501178], [122340000.0, 0.04428439], [122310000.0, 0.00040879], [122210000.0, 0.10716003], [122200000.0, 0.0079], [122000000.0, 0.00404917]], "asks": [[122960000.0, 0.00019957], [122940000.0, 0.0655844], [122870000.0, 0.00014189], [122860000.0, 0.00081393], [122850000.0, 0.11182437], [122800000.0, 0.00010034], [122790000.0, 0.00070452], [122740000.0, 0.00026726], [122680000.0, 0.38950145], [122630000.0, 0.02912362]]},
{"timestamp": 1743771247294, "bids": [[122450000.0, 0.00863559], [122440000.0, 0.00860835], [122420000.0, 0.06234705], [122410000.0, 0.39161033], [122350000.0, 0.00501178], [122340000.0, 0.04428439], [122310000.0, 0.00040879], [122210000.0, 0.10716003], [122200000.0, 0.0079], [122000000.0, 0.00404917]], "asks": [[122960000.0, 0.00019957], [122940000.0, 0.0655844], [122870000.0, 0.00014189], [122860000.0, 0.00081393], [122850000.0, 0.11182437], [122800000.0, 0.00010034], [122790000.0, 0.00070452], [122740000.0, 0.00026726], [122680000.0, 0.38950145], [122630000.0, 0.02912362]]},
{"timestamp": 1743771247418, "bids": [[122450000.0, 0.1016], [122430000.0, 0.00878542], [122420000.0, 0.06234705], [122410000.0, 0.39161033], [122350000.0, 0.00501178], [122340000.0, 0.04428439], [122310000.0, 0.00040879], [122210000.0, 0.10716003], [122200000.0, 0.0079], [122000000.0, 0.00404917]], "asks": [[122940000.0, 0.0655844], [122870000.0, 0.00014189], [122860000.0, 0.00081393], [122850000.0, 0.11182437], [122800000.0, 0.00010034], [122790000.0, 0.00070452], [122740000.0, 0.00026726], [122680000.0, 0.38950145], [122630000.0, 0.02912362], [122620000.0, 0.00875818]]},
{"timestamp": 1743771247553, "bids": [[122440000.0, 0.00879223], [122430000.0, 0.11038542], [122420000.0, 0.06234705], [122410000.0, 0.39161033], [122350000.0, 0.00501178], [122340000.0, 0.04428439], [122310000.0, 0.00040879], [122210000.0, 0.10716003], [122200000.0, 0.0079], [122000000.0, 0.00404917]], "asks": [[122940000.0, 0.0655844], [122870000.0, 0.00014189], [122860000.0, 0.00081393], [122850000.0, 0.11182437], [122800000.0, 0.00010034], [122790000.0, 0.00070452], [122740000.0, 0.00026726], [122680000.0, 0.38950145], [122630000.0, 0.02912362], [122620000.0, 0.00875818]]},
{"timestamp": 1743771247682, "bids": [[122440000.0, 0.11039223], [122430000.0, 0.00878542], [122420000.0, 0.06234705], [122410000.0, 0.39161033], [122350000.0, 0.00501178], [122340000.0, 0.04428439], [122310000.0, 0.00040879], [122210000.0, 0.10716003], [122200000.0, 0.0079], [122000000.0, 0.00404917]], "asks": [[122940000.0, 0.0655844], [122870000.0, 0.00014189], [122860000.0, 0.00081393], [122850000.0, 0.11182437], [122800000.0, 0.00010034], [122790000.0, 0.00070452], [122740000.0, 0.00026726], [122680000.0, 0.38950145], [122630000.0, 0.02912362], [122620000.0, 0.00875818]]},
{"timestamp": 1743771247997, "bids": [[122450000.0, 0.075], [122440000.0, 0.00879223], [122430000.0, 0.00878542], [122420000.0, 0.06234705], [122410000.0, 0.39161033], [122350000.0, 0.00501178], [122340000.0, 0.04428439], [122310000.0, 0.00040879], [122210000.0, 0.10716003], [122200000.0, 0.0079]], "asks": [[122870000.0, 0.00014189], [122860000.0, 0.00081393], [122850000.0, 0.11182437], [122800000.0, 0.00010034], [122790000.0, 0.00070452], [122740000.0, 0.00026726], [122730000.0, 0.00567764], [122680000.0, 0.38950145], [122630000.0, 0.02912362], [122620000.0, 0.00875818]]},
{"timestamp": 1743771248133, "bids": [[122450000.0, 0.075], [122440000.0, 0.00879223], [122430000.0, 0.00878542], [122420000.0, 0.06234705], [122410000.0, 0.39161033], [122350000.0, 0.00501178], [122340000.0, 0.04428439], [122310000.0, 0.00040879], [122210000.0, 0.10716003], [122200000.0, 0.0079]], "asks": [[122870000.0, 0.00014189], [122860000.0, 0.00081393], [122850000.0, 0.11182437], [122800000.0, 0.00010034], [122790000.0, 0.00070452], [122740000.0, 0.00026726], [122730000.0, 0.00567764], [122680000.0, 0.38950145], [122630000.0, 0.02912362], [122620000.0, 0.00875818]]},
{"timestamp": 1743771248309, "bids": [[122450000.0, 0.075], [122440000.0, 0.00879223], [122430000.0, 0.00878542], [122420000.0, 0.06234705], [122410000.0, 0.39161033], [122350000.0, 0.00501178], [122340000.0, 0.04428439], [122310000.0, 0.00040879], [122210000.0, 0.10716003], [122200000.0, 0.0079]], "asks": [[122870000.0, 0.00014189], [122860000.0, 0.00081393], [122850000.0, 0.11182437], [122800000.0, 0.00010034], [122790000.0, 0.00070452], [122740000.0, 0.00026726], [122730000.0, 0.00567764], [122680000.0, 0.38950145], [122630000.0, 0.02912362], [122620000.0, 0.00875818]]},
{"timestamp": 1743771248444, "bids": [[122450000.0, 0.075], [122440000.0, 0.00879223], [122430000.0, 0.00878542], [122420000.0, 0.06234705], [122410000.0, 0.39161033], [122350000.0, 0.00501178], [122340000.0, 0.04428439], [122310000.0, 0.00040879], [122210000.0, 0.10716003], [122200000.0, 0.0079]], "asks": [[122870000.0, 0.00014189], [122860000.0, 0.00081393], [122850000.0, 0.11182437], [122800000.0, 0.00010034], [122790000.0, 0.00070452], [122740000.0, 0.00026726], [122730000.0, 0.00567764], [122680000.0, 0.38950145], [122630000.0, 0.02912362], [122620000.0, 0.03636727]]},
{"timestamp": 1743771248578, "bids": [[122450000.0, 0.075], [122440000.0, 0.00879223], [122430000.0, 0.00878542], [122420000.0, 0.06234705], [122410000.0, 0.39161033], [122360000.0, 0.00597829], [122340000.0, 0.02], [122310000.0, 0.00040879], [122210000.0, 0.10716003], [122200000.0, 0.0079]], "asks": [[122870000.0, 0.00014189], [122860000.0, 0.00081393], [122850000.0, 0.11182437], [122800000.0, 0.00010034], [122790000.0, 0.00070452], [122740000.0, 0.00026726], [122730000.0, 0.00567764], [122680000.0, 0.38950145], [122630000.0, 0.02912362], [122620000.0, 0.03636727]]},
{"timestamp": 1743771248713, "bids": [[122450000.0, 0.075], [122440000.0, 0.00879223], [122430000.0, 0.00878542], [122420000.0, 0.06234705], [122410000.0, 0.39161033], [122360000.0, 0.00597829], [122340000.0, 0.02], [122330000.0, 0.02329673], [122310000.0, 0.00040879], [122210000.0, 0.10716003]], "asks": [[122870000.0, 0.00014189], [122860000.0, 0.00081393], [122850000.0, 0.11182437], [122800000.0, 0.00010034], [122790000.0, 0.00070452], [122740000.0, 0.00026726], [122730000.0, 0.00567764], [122680000.0, 0.38950145], [122630000.0, 0.02912362], [122620000.0, 0.03636727]]},
{"timestamp": 1743771248867, "bids": [[122450000.0, 0.0171], [122440000.0, 0.00879223], [122430000.0, 0.00878542], [122420000.0, 0.06234705], [122410000.0, 0.39161033], [122360000.0, 0.00597829], [122340000.0, 0.02], [122330000.0, 0.02329673], [122310000.0, 0.00040879], [122210000.0, 0.10716003]], "asks": [[122870000.0, 0.00014189], [122860000.0, 0.00081393], [122850000.0, 0.11182437], [122800000.0, 0.00010034], [122790000.0, 0.00070452], [122740000.0, 0.00026726], [122730000.0, 0.00567764], [122680000.0, 0.38950145], [122630000.0, 0.02912362], [122620000.0, 0.03636727]]},
{"timestamp": 1743771249198, "bids": [[122460000.0, 0.0171], [122450000.0, 0.0171], [122440000.0, 0.00879223], [122430000.0, 0.00878542], [122420000.0, 0.02854705], [122410000.0, 0.39161033], [122360000.0, 0.00597829], [122340000.0, 0.02], [122330000.0, 0.02329673], [122310000.0, 0.00040879]], "asks": [[122870000.0, 0.00014189], [122860000.0, 0.00081393], [122850000.0, 0.11182437], [122800000.0, 0.00010034], [122790000.0, 0.00070452], [122740000.0, 0.00026726], [122730000.0, 0.00567764], [122680000.0, 0.38950145], [122630000.0, 0.02912362], [122620000.0, 0.03636727]]},
{"timestamp": 1743771249336, "bids": [[122460000.0, 0.0171], [122450000.0, 0.0171], [122440000.0, 0.00879223], [122430000.0, 0.00878542], [122420000.0, 0.02854705], [122410000.0, 0.39161033], [122360000.0, 0.00597829], [122340000.0, 0.02], [122330000.0, 0.02329673], [122310000.0, 0.00040879]], "asks": [[122870000.0, 0.00014189], [122860000.0, 0.00081393], [122850000.0, 0.11182437], [122800000.0, 0.00010034], [122790000.0, 0.00070452], [122740000.0, 0.00026726], [122730000.0, 0.00567764], [122680000.0, 0.38950145], [122630000.0, 0.02912362], [122620000.0, 0.03636727]]},
{"timestamp": 1743771249567, "bids": [[122460000.0, 0.0171], [122450000.0, 0.0171], [122440000.0, 0.00879223], [122430000.0, 0.00878542], [122420000.0, 0.02854705], [122410000.0, 0.39161033], [122360000.0, 0.00597829], [122340000.0, 0.02], [122330000.0, 0.02329673], [122310000.0, 0.00040879]], "asks": [[122870000.0, 0.00014189], [122860000.0, 0.00081393], [122850000.0, 0.11182437], [122800000.0, 0.00010034], [122790000.0, 0.00070452], [122740000.0, 0.00026726], [122730000.0, 0.00567764], [122680000.0, 0.38950145], [122630000.0, 0.02912362], [122620000.0, 0.03636727]]},
{"timestamp": 1743771250049, "bids": [[122450000.0, 0.0171], [122440000.0, 0.02589223], [122430000.0, 0.00878542], [122420000.0, 0.02854705], [122410000.0, 0.39161033], [122360000.0, 0.00597829], [122340000.0, 0.02], [122330000.0, 0.02329673], [122310000.0, 0.00040879], [122210000.0, 0.10716003]], "asks": [[122870000.0, 0.00014189], [122860000.0, 0.00081393], [122850000.0, 0.11182437], [122800000.0, 0.00010034], [122790000.0, 0.00070452], [122740000.0, 0.00026726], [122730000.0, 0.00567764], [122680000.0, 0.38950145], [122630000.0, 0.02912362], [122620000.0, 0.03636727]]},
{"timestamp": 1743771250178, "bids": [[122450000.0, 0.0171], [122440000.0, 0.0171], [122430000.0, 0.00878542], [122420000.0, 0.02854705], [122410000.0, 0.39161033], [122360000.0, 0.00597829], [122340000.0, 0.02], [122330000.0, 0.02329673], [122310000.0, 0.00040879], [122210000.0, 0.10716003]], "asks": [[122870000.0, 0.00014189], [122860000.0, 0.00081393], [122850000.0, 0.11182437], [122800000.0, 0.00010034], [122790000.0, 0.00070452], [122740000.0, 0.00026726], [122730000.0, 0.00567764], [122680000.0, 0.38950145], [122630000.0, 0.02912362], [122620000.0, 0.03636727]]},
{"timestamp": 1743771250452, "bids": [[122440000.0, 0.0172], [122430000.0, 0.02588542], [122420000.0, 0.02854705], [122410000.0, 0.39161033], [122360000.0, 0.00597829], [122340000.0, 0.02], [122330000.0, 0.02329673], [122310000.0, 0.00040879], [122210000.0, 0.10716003], [122200000.0, 0.0079]], "asks": [[122870000.0, 0.00014189], [122860000.0, 0.00081393], [122850000.0, 0.11182437], [122800000.0, 0.00010034], [122790000.0, 0.00070452], [122740000.0, 0.00026726], [122730000.0, 0.00567764], [122680000.0, 0.38950145], [122630000.0, 0.02912362], [122620000.0, 0.03636727]]},
