[
{"timestamp": 1743771600169, "bids": [[122420000.0, 0.11213128], [122410000.0, 0.00839041], [122400000.0, 0.02], [122390000.0, 0.0362], [122380000.0, 0.00839041], [122360000.0, 0.42033739], [122340000.0, 0.01935773], [122310000.0, 0.00581751], [122300000.0, 0.0168], [122290000.0, 0.02]], "asks": [[122860000.0, 0.00081393], [122800000.0, 0.00010034], [122790000.0, 0.00070452], [122770000.0, 0.001], [122740000.0, 0.00026726], [122730000.0, 5.757e-05], [122650000.0, 0.38960283], [122640000.0, 0.00219329], [122620000.0, 0.0362], [122600000.0, 0.00796136]]},
{"timestamp": 1743771600344, "bids": [[122420000.0, 0.11213128], [122410000.0, 0.00839041], [122400000.0, 0.02], [122390000.0, 0.0362], [122380000.0, 0.00839041], [122360000.0, 0.42033739], [122340000.0, 0.01935773], [122310000.0, 0.00581751], [122300000.0, 0.0168], [122290000.0, 0.02]], "asks": [[122870000.0, 0.00014189], [122860000.0, 0.00081393], [122800000.0, 0.00010034], [122790000.0, 0.00070452], [122770000.0, 0.001], [122740000.0, 0.00026726], [122650000.0, 0.38960283], [122640000.0, 0.00219329], [122620000.0, 0.0362], [122600000.0, 0.00796136]]},
{"timestamp": 1743771600452, "bids": [[122430000.0, 0.00845852], [122420000.0, 0.11213128], [122410000.0, 0.00839041], [122400000.0, 0.02], [122390000.0, 0.0362], [122380000.0, 0.00839041], [122360000.0, 0.42033739], [122340000.0, 0.01935773], [122310000.0, 0.00581751], [122300000.0, 0.0168]], "asks": [[122960000.0, 0.00019957], [122940000.0, 0.00012668], [122930000.0, 0.11182437], [122870000.0, 0.00014189], [122860000.0, 0.00081393], [122800000.0, 0.00010034], [122790000.0, 0.00070452], [122770000.0, 0.001], [122740000.0, 0.00026726], [122640000.0, 0.00219329]]},
{"timestamp": 1743771600559, "bids": [[122430000.0, 0.11215852], [122420000.0, 0.00843128], [122410000.0, 0.00839041], [122400000.0, 0.02], [122390000.0, 0.0362], [122380000.0, 0.00839041], [122360000.0, 0.41168818], [122340000.0, 0.01935773], [122310000.0, 0.00581751], [122300000.0, 0.0168]], "asks": [[123000000.0, 0.00162601], [122960000.0, 0.00019957], [122940000.0, 0.00012668], [122930000.0, 0.11182437], [122870000.0, 0.00014189], [122860000.0, 0.00081393], [122800000.0, 0.00010034], [122790000.0, 0.00070452], [122770000.0, 0.001], [122740000.0, 0.00026726]]},
{"timestamp": 1743771600677, "bids": [[122440000.0, 0.00847214], [122430000.0, 0.11215852], [122420000.0, 0.00843128], [122410000.0, 0.00839041], [122400000.0, 0.02], [122390000.0, 0.0362], [122380000.0, 0.00839041], [122360000.0, 0.41168818], [122340000.0, 0.01935773], [122310000.0, 0.00581751]], "asks": [[123000000.0, 0.00162601], [122960000.0, 0.00019957], [122940000.0, 0.00012668], [122930000.0, 0.11182437], [122870000.0, 0.00014189], [122860000.0, 0.00081393], [122800000.0, 0.00010034], [122790000.0, 0.00070452], [122770000.0, 0.001], [122740000.0, 0.00026726]]},
{"timestamp": 1743771600810, "bids": [[122440000.0, 0.11217214], [122430000.0, 0.00845852], [122420000.0, 0.00843128], [122410000.0, 0.00839041], [122400000.0, 0.02], [122390000.0, 0.0362], [122360000.0, 0.41168818], [122340000.0, 0.01935773], [122310000.0, 0.00581751], [122300000.0, 0.0168]], "asks": [[123000000.0, 0.00162601], [122960000.0, 0.00019957], [122940000.0, 0.00012668], [122930000.0, 0.11182437], [122870000.0, 0.00014189], [122860000.0, 0.00081393], [122800000.0, 0.00010034], [122790000.0, 0.00070452], [122770000.0, 0.001], [122740000.0, 0.00026726]]},
{"timestamp": 1743771600946, "bids": [[122440000.0, 0.11217214], [122430000.0, 0.00845852], [122420000.0, 0.00843128], [122410000.0, 0.00839041], [122400000.0, 0.02], [122390000.0, 0.0362], [122360000.0, 0.41168818], [122340000.0, 0.01935773], [122310000.0, 0.00581751], [122300000.0, 0.0168]], "asks": [[122960000.0, 0.00019957], [122940000.0, 0.00012668], [122930000.0, 0.11182437], [122870000.0, 0.00014189], [122860000.0, 0.00081393], [122800000.0, 0.00010034], [122790000.0, 0.00070452], [122770000.0, 0.001], [122740000.0, 0.00026726], [122660000.0, 0.38955006]]},
{"timestamp": 1743771601074, "bids": [[122450000.0, 0.00834274], [122440000.0, 0.11217214], [122430000.0, 0.00845852], [122420000.0, 0.00843128], [122410000.0, 0.00839041], [122400000.0, 0.02], [122390000.0, 0.0362], [122360000.0, 0.41168818], [122340000.0, 0.01935773], [122310000.0, 0.00581751]], "asks": [[123010000.0, 0.00059161], [123000000.0, 0.00162601], [122960000.0, 0.00019957], [122940000.0, 0.00012668], [122930000.0, 0.11182437], [122870000.0, 0.00014189], [122860000.0, 0.00081393], [122800000.0, 0.00010034], [122790000.0, 0.00070452], [122770000.0, 0.001]]},
{"timestamp": 1743771601176, "bids": [[122450000.0, 0.11204274], [122440000.0, 0.00847214], [122430000.0, 0.00845852], [122420000.0, 0.00843128], [122400000.0, 0.02], [122390000.0, 0.0362], [122360000.0, 0.41168818], [122340000.0, 0.01935773], [122310000.0, 0.00581751], [122290000.0, 0.02]], "asks": [[123000000.0, 0.00162601], [122960000.0, 0.00019957], [122940000.0, 0.00012668], [122930000.0, 0.11182437], [122870000.0, 0.00014189], [122860000.0, 0.00081393], [122800000.0, 0.00010034], [122790000.0, 0.00070452], [122770000.0, 0.001], [122740000.0, 0.00026726]]},
{"timestamp": 1743771601316, "bids": [[122450000.0, 0.11204274], [122440000.0, 0.00847214], [122430000.0, 0.00845852], [122420000.0, 0.00843128], [122400000.0, 0.02], [122390000.0, 0.0362], [122360000.0, 0.41168818], [122340000.0, 0.03655773], [122310000.0, 0.00581751], [122290000.0, 0.02]], "asks": [[123000000.0, 0.00162601], [122960000.0, 0.00019957], [122940000.0, 0.00012668], [122930000.0, 0.11182437], [122870000.0, 0.00014189], [122860000.0, 0.00081393], [122800000.0, 0.00010034], [122790000.0, 0.00070452], [122770000.0, 0.001], [122740000.0, 0.00026726]]},
{"timestamp": 1743771601419, "bids": [[122450000.0, 0.1120852], [122440000.0, 0.00847214], [122430000.0, 0.00845852], [122420000.0, 0.00843128], [122400000.0, 0.02], [122390000.0, 0.0362], [122360000.0, 0.41168818], [122340000.0, 0.03655773], [122310000.0, 0.00581751], [122290000.0, 0.02]], "asks": [[123000000.0, 0.00162601], [122960000.0, 0.00019957], [122940000.0, 0.00012668], [122930000.0, 0.11182437], [122870000.0, 0.00014189], [122860000.0, 0.00081393], [122800000.0, 0.00010034], [122790000.0, 0.00070452], [122770000.0, 0.001], [122740000.0, 0.00026726]]},
{"timestamp": 1743771601527, "bids": [[122450000.0, 0.1120852], [122440000.0, 0.00847214], [122430000.0, 0.00845852], [122420000.0, 0.00843128], [122400000.0, 0.02], [122390000.0, 0.0362], [122360000.0, 0.41168818], [122340000.0, 0.03655773], [122310000.0, 0.00581751], [122290000.0, 0.02]], "asks": [[122960000.0, 0.00019957], [122940000.0, 0.00012668], [122930000.0, 0.11182437], [122870000.0, 0.00014189], [122860000.0, 0.00081393], [122800000.0, 0.00010034], [122790000.0, 0.00070452], [122770000.0, 0.001], [122740000.0, 0.00026726], [122680000.0, 0.38949245]]},
{"timestamp": 1743771601659, "bids": [[122450000.0, 0.1120852], [122440000.0, 0.00847214], [122430000.0, 0.00845852], [122420000.0, 0.00843128], [122400000.0, 0.02], [122390000.0, 0.0362], [122360000.0, 0.41168818], [122340000.0, 0.03655773], [122310000.0, 0.00581751], [122290000.0, 0.02]], "asks": [[122940000.0, 0.00012668], [122930000.0, 0.11182437], [122870000.0, 0.00014189], [122860000.0, 0.00081393], [122800000.0, 0.00010034], [122790000.0, 0.00070452], [122770000.0, 0.001], [122740000.0, 0.00026726], [122680000.0, 0.38949245], [122640000.0, 0.0362]]},
{"timestamp": 1743771601777, "bids": [[122460000.0, 0.00824058], [122450000.0, 0.1120852], [122440000.0, 0.02847214], [122430000.0, 0.00845852], [122420000.0, 0.00843128], [122400000.0, 0.02], [122390000.0, 0.0362], [122360000.0, 0.39168818], [122340000.0, 0.03655773], [122310000.0, 0.00581751]], "asks": [[123010000.0, 0.00059161], [122960000.0, 0.00019957], [122940000.0, 0.00012668], [122930000.0, 0.11182437], [122870000.0, 0.00014189], [122860000.0, 0.00081393], [122800000.0, 0.00010034], [122790000.0, 0.00070452], [122770000.0, 0.001], [122740000.0, 0.00026726]]},
{"timestamp": 1743771601901, "bids": [[122460000.0, 0.11194058], [122450000.0, 0.0083852], [122440000.0, 0.02847214], [122430000.0, 0.00845852], [122420000.0, 0.00843128], [122400000.0, 0.02], [122390000.0, 0.0362], [122360000.0, 0.39168818], [122340000.0, 0.03655773], [122310000.0, 0.00581751]], "asks": [[122930000.0, 0.11182437], [122870000.0, 0.00014189], [122860000.0, 0.00081393], [122800000.0, 0.00010034], [122790000.0, 0.00070452], [122770000.0, 0.001], [122740000.0, 0.00026726], [122730000.0, 0.02759635], [122700000.0, 0.38944046], [122620000.0, 0.02]]},
{"timestamp": 1743771602036, "bids": [[122470000.0, 0.00854705], [122460000.0, 0.11194058], [122450000.0, 0.0083852], [122440000.0, 0.02847214], [122430000.0, 0.00845852], [122400000.0, 0.02], [122390000.0, 0.0362], [122360000.0, 0.39168818], [122340000.0, 0.03655773], [122310000.0, 0.00581751]], "asks": [[122930000.0, 0.11182437], [122870000.0, 0.00014189], [122860000.0, 0.00081393], [122800000.0, 0.00010034], [122790000.0, 0.00070452], [122770000.0, 0.001], [122740000.0, 0.00026726], [122730000.0, 0.02759635], [122700000.0, 0.38944046], [122650000.0, 0.00909869]]},
{"timestamp": 1743771602172, "bids": [[122470000.0, 0.11224705], [122460000.0, 0.00824058], [122450000.0, 0.0083852], [122440000.0, 0.02847214], [122400000.0, 0.02], [122390000.0, 0.0362], [122360000.0, 0.39168818], [122340000.0, 0.03655773], [122310000.0, 0.00581751], [122290000.0, 0.02]], "asks": [[122930000.0, 0.11182437], [122870000.0, 0.00014189], [122860000.0, 0.00081393], [122800000.0, 0.00010034], [122790000.0, 0.00070452], [122770000.0, 0.001], [122740000.0, 0.00026726], [122730000.0, 0.02759635], [122700000.0, 0.38944046], [122650000.0, 0.00909869]]},
{"timestamp": 1743771602284, "bids": [[122470000.0, 0.11224705], [122460000.0, 0.00824058], [122450000.0, 0.0083852], [122440000.0, 0.02847214], [122400000.0, 0.02], [122390000.0, 0.0362], [122360000.0, 0.39168818], [122340000.0, 0.03655773], [122310000.0, 0.00581751], [122290000.0, 0.02]], "asks": [[122860000.0, 0.00081393], [122800000.0, 0.00010034], [122790000.0, 0.00070452], [122770000.0, 0.001], [122740000.0, 0.00026726], [122730000.0, 0.02759635], [122700000.0, 0.38944046], [122660000.0, 0.0362], [122650000.0, 0.00909869], [122640000.0, 0.00218782]]},
{"timestamp": 1743771602460, "bids": [[122470000.0, 0.11224705], [122460000.0, 0.00824058], [122450000.0, 0.0083852], [122440000.0, 0.02847214], [122400000.0, 0.02], [122390000.0, 0.0362], [122360000.0, 0.39168818], [122340000.0, 0.03655773], [122310000.0, 0.00581751], [122290000.0, 0.02]], "asks": [[122870000.0, 0.00014189], [122860000.0, 0.00081393], [122800000.0, 0.00010034], [122790000.0, 0.00070452], [122770000.0, 0.001], [122740000.0, 0.00026726], [122730000.0, 0.02759635], [122700000.0, 0.38944046], [122660000.0, 0.0362], [122650000.0, 0.00909869]]},
{"timestamp": 1743771602594, "bids": [[122470000.0, 0.11224705], [122460000.0, 0.00824058], [122450000.0, 0.0083852], [122440000.0, 0.02847214], [122400000.0, 0.02], [122390000.0, 0.0362], [122360000.0, 0.39168818], [122340000.0, 0.03655773], [122310000.0, 0.00581751], [122290000.0, 0.02]], "asks": [[122870000.0, 0.00014189], [122860000.0, 0.00081393], [122800000.0, 0.00010034], [122790000.0, 0.00070452], [122770000.0, 0.001], [122740000.0, 0.00026726], [122730000.0, 0.02759635], [122700000.0, 0.38944046], [122660000.0, 0.0362], [122650000.0, 0.00909869]]},
{"timestamp": 1743771602906, "bids": [[122470000.0, 0.11224705], [122460000.0, 0.00824058], [122450000.0, 0.0083852], [122440000.0, 0.02847214], [122400000.0, 0.02], [122390000.0, 0.0362], [122360000.0, 0.39168818], [122340000.0, 0.03655773], [122310000.0, 0.00581751], [122290000.0, 0.02]], "asks": [[122870000.0, 0.00014189], [122860000.0, 0.00081393], [122800000.0, 0.00010034], [122790000.0, 0.00070452], [122770000.0, 0.001], [122740000.0, 0.00026726], [122730000.0, 0.02759635], [122700000.0, 0.38944046], [122660000.0, 0.0362], [122650000.0, 0.00909869]]},
{"timestamp": 1743771603033, "bids": [[122470000.0, 0.11224705], [122460000.0, 0.00824058], [122450000.0, 0.0083852], [122440000.0, 0.02847214], [122390000.0, 0.0362], [122360000.0, 0.39168818], [122340000.0, 0.03655773], [122310000.0, 0.00581751], [122290000.0, 0.02], [122280000.0, 0.64490525]], "asks": [[122860000.0, 0.00081393], [122800000.0, 0.00010034], [122790000.0, 0.00070452], [122770000.0, 0.001], [122740000.0, 0.00026726], [122730000.0, 0.02759635], [122700000.0, 0.38944046], [122660000.0, 0.0362], [122650000.0, 0.00909869], [122640000.0, 0.00218782]]},
{"timestamp": 1743771603146, "bids": [[122470000.0, 0.1037], [122460000.0, 0.00824058], [122450000.0, 0.0083852], [122440000.0, 0.02847214], [122390000.0, 0.0362], [122360000.0, 0.41168818], [122340000.0, 0.03655773], [122310000.0, 0.00581751], [122290000.0, 0.02], [122280000.0, 0.64490525]], "asks": [[122800000.0, 0.00010034], [122790000.0, 0.00070452], [122770000.0, 0.001], [122740000.0, 0.00026726], [122730000.0, 0.02759635], [122700000.0, 0.38944046], [122660000.0, 0.0362], [122650000.0, 0.00909869], [122640000.0, 0.00218782], [122620000.0, 0.02]]},
{"timestamp": 1743771603251, "bids": [[122460000.0, 0.11194058], [122450000.0, 0.0083852], [122440000.0, 0.02847214], [122390000.0, 0.0362], [122360000.0, 0.41168818], [122340000.0, 0.03655773], [122310000.0, 0.00581751], [122290000.0, 0.02], [122280000.0, 0.64490525], [122260000.0, 0.00130868]], "asks": [[122860000.0, 0.00081393], [122800000.0, 0.00010034], [122790000.0, 0.00070452], [122770000.0, 0.001], [122740000.0, 0.00026726], [122730000.0, 0.02759635], [122700000.0, 0.38944046], [122660000.0, 0.0362], [122650000.0, 0.00909869], [122620000.0, 0.02]]},
{"timestamp": 1743771603386, "bids": [[122460000.0, 0.11194058], [122450000.0, 0.0083852], [122440000.0, 0.02847214], [122390000.0, 0.0362], [122360000.0, 0.41168818], [122340000.0, 0.03655773], [122310000.0, 0.00581751], [122290000.0, 0.02986821], [122280000.0, 0.64490525], [122260000.0, 0.00130868]], "asks": [[122860000.0, 0.00081393], [122800000.0, 0.00010034], [122790000.0, 0.00070452], [122770000.0, 0.001], [122740000.0, 0.00026726], [122730000.0, 0.02759635], [122700000.0, 0.38944046], [122660000.0, 0.0362], [122650000.0, 0.00909869], [122620000.0, 0.02]]},
{"timestamp": 1743771603979, "bids": [[122460000.0, 0.11194058], [122450000.0, 0.0083852], [122440000.0, 0.02847214], [122390000.0, 0.0362], [122360000.0, 0.41168818], [122340000.0, 0.03655773], [122310000.0, 0.00581751], [122290000.0, 0.02986821], [122280000.0, 0.64490525], [122260000.0, 0.00130868]], "asks": [[122870000.0, 0.00014189], [122860000.0, 0.00081393], [122800000.0, 0.00010034], [122790000.0, 0.00070452], [122770000.0, 0.001], [122740000.0, 0.00026726], [122730000.0, 0.02759635], [122700000.0, 0.38944046], [122660000.0, 0.0362], [122650000.0, 0.00909869]]},
{"timestamp": 1743771604194, "bids": [[122460000.0, 0.11194058], [122450000.0, 0.0083852], [122440000.0, 0.02847214], [122390000.0, 0.0362], [122360000.0, 0.41168818], [122340000.0, 0.03655773], [122310000.0, 0.00581751], [122290000.0, 0.02986821], [122280000.0, 0.64490525], [122260000.0, 0.00130868]], "asks": [[122930000.0, 0.11182437], [122870000.0, 0.00014189], [122860000.0, 0.00081393], [122800000.0, 0.00010034], [122790000.0, 0.00070452], [122770000.0, 0.001], [122740000.0, 0.00026726], [122700000.0, 0.38944046], [122660000.0, 0.0362], [122650000.0, 0.00909869]]},
{"timestamp": 1743771604333, "bids": [[122460000.0, 0.11194058], [122450000.0, 0.0083852], [122440000.0, 0.02847214], [122390000.0, 0.0362], [122360000.0, 0.41168818], [122340000.0, 0.03655773], [122310000.0, 0.00581751], [122290000.0, 0.02986821], [122280000.0, 0.64490525], [122260000.0, 0.00130868]], "asks": [[122930000.0, 0.11182437], [122870000.0, 0.00014189], [122860000.0, 0.00081393], [122800000.0, 0.00010034], [122790000.0, 0.00070452], [122770000.0, 0.001], [122740000.0, 0.00026726], [122700000.0, 0.38944046], [122660000.0, 0.0362], [122650000.0, 0.00909869]]},
{"timestamp": 1743771604477, "bids": [[122460000.0, 0.11194058], [122450000.0, 0.0083852], [122440000.0, 0.02847214], [122390000.0, 0.0362], [122360000.0, 0.41168818], [122340000.0, 0.03655773], [122310000.0, 0.00581751], [122290000.0, 0.02986821], [122280000.0, 0.64490525], [122260000.0, 0.00130868]], "asks": [[122870000.0, 0.00014189], [122860000.0, 0.00081393], [122800000.0, 0.00010034], [122790000.0, 0.00070452], [122770000.0, 0.001], [122740000.0, 0.00026726], [122730000.0, 0.00848476], [122700000.0, 0.38944046], [122660000.0, 0.0362], [122650000.0, 0.00909869]]},
{"timestamp": 1743771604803, "bids": [[122460000.0, 0.11194058], [122450000.0, 0.0083852], [122440000.0, 0.02847214], [122360000.0, 0.41168818], [122340000.0, 0.03655773], [122310000.0, 0.00581751], [122290000.0, 0.02986821], [122280000.0, 0.64490525], [122260000.0, 0.00130868], [122180000.0, 0.10716003]], "asks": [[122870000.0, 0.00014189], [122860000.0, 0.00081393], [122800000.0, 0.00010034], [122790000.0, 0.00070452], [122770000.0, 0.001], [122740000.0, 0.00026726], [122730000.0, 0.00848476], [122700000.0, 0.38944046], [122660000.0, 0.0362], [122650000.0, 0.00909869]]},
{"timestamp": 1743771604937, "bids": [[122470000.0, 0.0362], [122460000.0, 0.11194058], [122450000.0, 0.0083852], [122440000.0, 0.02847214], [122360000.0, 0.41168818], [122340000.0, 0.03655773], [122310000.0, 0.00581751], [122290000.0, 0.02], [122280000.0, 0.64490525], [122260000.0, 0.00130868]], "asks": [[122870000.0, 0.00014189], [122860000.0, 0.00081393], [122800000.0, 0.00010034], [122790000.0, 0.00070452], [122770000.0, 0.001], [122740000.0, 0.00026726], [122730000.0, 0.00848476], [122700000.0, 0.38944046], [122660000.0, 0.03639931], [122650000.0, 0.00909869]]},
{"timestamp": 1743771605062, "bids": [[122480000.0, 0.1037], [122460000.0, 0.00824058], [122450000.0, 0.0083852], [122400000.0, 0.02], [122360000.0, 0.41168818], [122340000.0, 0.03655773], [122310000.0, 0.00581751], [122290000.0, 0.02], [122280000.0, 0.64490525], [122260000.0, 0.00130868]], "asks": [[122860000.0, 0.00081393], [122800000.0, 0.00010034], [122790000.0, 0.00070452], [122770000.0, 0.001], [122740000.0, 0.00026726], [122730000.0, 0.00848476], [122700000.0, 0.38944046], [122660000.0, 0.03639931], [122650000.0, 0.00909869], [122620000.0, 0.02]]},
{"timestamp": 1743771605199, "bids": [[122460000.0, 0.11194058], [122450000.0, 0.0083852], [122400000.0, 0.02], [122360000.0, 0.41168818], [122340000.0, 0.03655773], [122310000.0, 0.00581751], [122290000.0, 0.02], [122280000.0, 0.64490525], [122260000.0, 0.00130868], [122180000.0, 0.10716003]], "asks": [[122860000.0, 0.00081393], [122800000.0, 0.00010034], [122790000.0, 0.00070452], [122770000.0, 0.001], [122740000.0, 0.00026726], [122730000.0, 0.00848476], [122700000.0, 0.38944046], [122660000.0, 0.03639931], [122650000.0, 0.00909869], [122620000.0, 0.02]]},
{"timestamp": 1743771605319, "bids": [[122460000.0, 0.1399], [122450000.0, 0.0083852], [122400000.0, 0.02883309], [122360000.0, 0.41168818], [122340000.0, 0.03655773], [122290000.0, 0.02], [122280000.0, 0.64490525], [122260000.0, 0.00130868], [122180000.0, 0.10716003], [122170000.0, 0.0077]], "asks": [[122860000.0, 0.00081393], [122800000.0, 0.00010034], [122790000.0, 0.00070452], [122770000.0, 0.001], [122740000.0, 0.00026726], [122730000.0, 0.00848476], [122700000.0, 0.38944046], [122660000.0, 0.03639931], [122650000.0, 0.00909869], [122620000.0, 0.02]]},
{"timestamp": 1743771605427, "bids": [[122470000.0, 0.1037], [122450000.0, 0.0083852], [122400000.0, 0.02883309], [122360000.0, 0.41168818], [122340000.0, 0.03655773], [122290000.0, 0.02], [122280000.0, 0.64490525], [122260000.0, 0.00130868], [122180000.0, 0.10716003], [122170000.0, 0.0077]], "asks": [[122860000.0, 0.00081393], [122800000.0, 0.00010034], [122790000.0, 0.00070452], [122770000.0, 0.001], [122740000.0, 0.00026726], [122730000.0, 0.00848476], [122700000.0, 0.38944046], [122660000.0, 0.03639931], [122650000.0, 0.00909869], [122620000.0, 0.02]]},
{"timestamp": 1743771605563, "bids": [[122450000.0, 0.0083852], [122410000.0, 0.1037], [122400000.0, 0.02883309], [122360000.0, 0.41168818], [122340000.0, 0.03655773], [122290000.0, 0.02], [122280000.0, 0.64490525], [122260000.0, 0.00130868], [122180000.0, 0.10716003], [122170000.0, 0.0077]], "asks": [[122860000.0, 0.00081393], [122800000.0, 0.00010034], [122790000.0, 0.00070452], [122770000.0, 0.001], [122740000.0, 0.00026726], [122730000.0, 0.00848476], [122700000.0, 0.38944046], [122660000.0, 0.03639931], [122650000.0, 0.00909869], [122600000.0, 0.00796136]]},
{"timestamp": 1743771605674, "bids": [[122450000.0, 4.246e-05], [122420000.0, 0.00868326], [122410000.0, 0.1037], [122400000.0, 0.02883309], [122360000.0, 0.39168818], [122340000.0, 0.03655773], [122290000.0, 0.02], [122280000.0, 0.64490525], [122260000.0, 0.00130868], [122180000.0, 0.10716003]], "asks": [[122860000.0, 0.00081393], [122800000.0, 0.00010034], [122790000.0, 0.00070452], [122770000.0, 0.001], [122740000.0, 0.00026726], [122730000.0, 0.00848476], [122700000.0, 0.38944046], [122660000.0, 0.03639931], [122650000.0, 0.00909869], [122600000.0, 0.00796136]]},
{"timestamp": 1743771605801, "bids": [[122450000.0, 4.246e-05], [122420000.0, 0.00868326], [122410000.0, 0.1037], [122400000.0, 0.02883309], [122360000.0, 0.39168818], [122340000.0, 0.03655773], [122330000.0, 0.02], [122300000.0, 0.0005981], [122290000.0, 0.02], [122280000.0, 0.64490525]], "asks": [[122870000.0, 0.00014189], [122860000.0, 0.00081393], [122800000.0, 0.00010034], [122790000.0, 0.00070452], [122770000.0, 0.001], [122740000.0, 0.00026726], [122730000.0, 0.00848476], [122700000.0, 0.38944046], [122660000.0, 0.03639931], [122650000.0, 0.00909869]]},
{"timestamp": 1743771605926, "bids": [[122460000.0, 0.0362], [122450000.0, 4.246e-05], [122430000.0, 0.00869688], [122420000.0, 0.00868326], [122410000.0, 0.1037], [122400000.0, 0.02883309], [122360000.0, 0.39168818], [122340000.0, 0.03655773], [122330000.0, 0.02], [122300000.0, 0.0005981]], "asks": [[122930000.0, 0.11182437], [122870000.0, 0.00014189], [122860000.0, 0.00081393], [122800000.0, 0.00010034], [122790000.0, 0.00070452], [122770000.0, 0.001], [122740000.0, 0.00026726], [122730000.0, 0.00848476], [122700000.0, 0.38944046], [122660000.0, 0.03639931]]},
{"timestamp": 1743771606055, "bids": [[122470000.0, 0.1037], [122460000.0, 0.0362], [122450000.0, 0.00874615], [122430000.0, 0.00869688], [122420000.0, 0.00868326], [122400000.0, 0.02883309], [122360000.0, 0.39168818], [122340000.0, 0.03655773], [122330000.0, 0.02], [122300000.0, 0.0005981]], "asks": [[122930000.0, 0.11182437], [122870000.0, 0.00014189], [122860000.0, 0.00081393], [122800000.0, 0.00010034], [122790000.0, 0.00070452], [122770000.0, 0.001], [122740000.0, 0.00026726], [122730000.0, 0.00848476], [122700000.0, 0.38944046], [122660000.0, 0.03639931]]},
{"timestamp": 1743771606188, "bids": [[122470000.0, 0.1037], [122460000.0, 0.0449105], [122450000.0, 0.00874615], [122430000.0, 0.00869688], [122420000.0, 0.00868326], [122400000.0, 0.02883309], [122360000.0, 0.39168818], [122340000.0, 0.03655773], [122330000.0, 0.02], [122300000.0, 0.0005981]], "asks": [[122940000.0, 0.00012668], [122930000.0, 0.11182437], [122870000.0, 0.00014189], [122860000.0, 0.00081393], [122800000.0, 0.00010034], [122790000.0, 0.00070452], [122770000.0, 0.001], [122740000.0, 0.00026726], [122730000.0, 0.00848476], [122700000.0, 0.38944046]]},
{"timestamp": 1743771606318, "bids": [[122470000.0, 0.1037], [122460000.0, 0.0449105], [122450000.0, 0.00874615], [122430000.0, 0.00869688], [122420000.0, 0.00868326], [122400000.0, 0.02883309], [122360000.0, 0.39168818], [122340000.0, 0.03655773], [122330000.0, 0.02], [122300000.0, 0.0005981]], "asks": [[122960000.0, 0.00019957], [122940000.0, 0.00012668], [122930000.0, 0.11182437], [122870000.0, 0.00014189], [122860000.0, 0.00081393], [122800000.0, 0.00010034], [122790000.0, 0.00070452], [122770000.0, 0.001], [122740000.0, 0.00026726], [122730000.0, 0.00848476]]},
{"timestamp": 1743771606430, "bids": [[122470000.0, 0.1037], [122460000.0, 0.0449105], [122450000.0, 0.00874615], [122430000.0, 0.00869688], [122420000.0, 0.00868326], [122400000.0, 0.02883309], [122360000.0, 0.39168818], [122340000.0, 0.03655773], [122330000.0, 0.02], [122300000.0, 0.0005981]], "asks": [[122960000.0, 0.00019957], [122940000.0, 0.00012668], [122930000.0, 0.11182437], [122870000.0, 0.00014189], [122860000.0, 0.00081393], [122800000.0, 0.00010034], [122790000.0, 0.00070452], [122770000.0, 0.001], [122740000.0, 0.00026726], [122730000.0, 0.00848476]]},
{"timestamp": 1743771606878, "bids": [[122470000.0, 0.1037], [122460000.0, 0.0449105], [122450000.0, 0.00874615], [122430000.0, 0.00869688], [122420000.0, 0.00868326], [122400000.0, 0.02], [122360000.0, 0.39168818], [122340000.0, 0.03655773], [122330000.0, 0.02], [122290000.0, 0.02]], "asks": [[122960000.0, 0.00019957], [122940000.0, 0.00012668], [122930000.0, 0.11182437], [122870000.0, 0.00014189], [122860000.0, 0.00081393], [122800000.0, 0.00010034], [122790000.0, 0.00070452], [122770000.0, 0.001], [122740000.0, 0.00026726], [122730000.0, 0.00848476]]},
{"timestamp": 1743771607343, "bids": [[122480000.0, 0.00881266], [122470000.0, 0.1037], [122460000.0, 0.0449105], [122450000.0, 0.00874615], [122430000.0, 0.00869688], [122420000.0, 0.00868326], [122400000.0, 0.02], [122360000.0, 0.39168818], [122340000.0, 0.03655773], [122330000.0, 0.02]], "asks": [[122940000.0, 0.00012668], [122930000.0, 0.11182437], [122870000.0, 0.00014189], [122860000.0, 0.00081393], [122800000.0, 0.00010034], [122790000.0, 0.00070452], [122770000.0, 0.001], [122740000.0, 0.00026726], [122730000.0, 0.00848476], [122700000.0, 0.38944046]]},
{"timestamp": 1743771607450, "bids": [[122480000.0, 0.00881266], [122470000.0, 0.1037], [122460000.0, 0.0449105], [122450000.0, 0.00874615], [122440000.0, 0.02], [122430000.0, 0.00869688], [122370000.0, 0.02], [122360000.0, 0.39168818], [122340000.0, 0.03655773], [122280000.0, 0.64490525]], "asks": [[122940000.0, 0.00012668], [122930000.0, 0.11182437], [122870000.0, 0.00014189], [122860000.0, 0.00081393], [122800000.0, 0.00010034], [122790000.0, 0.00070452], [122770000.0, 0.001], [122740000.0, 0.00026726], [122730000.0, 0.00848476], [122700000.0, 0.38944046]]},
{"timestamp": 1743771607757, "bids": [[122480000.0, 0.00881266], [122470000.0, 0.1037], [122460000.0, 0.0449105], [122450000.0, 0.00874615], [122440000.0, 0.02], [122430000.0, 0.00869688], [122370000.0, 0.02], [122360000.0, 0.39168818], [122340000.0, 0.03655773], [122280000.0, 0.64490525]], "asks": [[122940000.0, 0.00012668], [122930000.0, 0.11182437], [122870000.0, 0.00014189], [122860000.0, 0.00081393], [122800000.0, 0.00010034], [122790000.0, 0.00070452], [122770000.0, 0.001], [122740000.0, 0.00026726], [122730000.0, 0.00848476], [122700000.0, 0.38944046]]},
{"timestamp": 1743771607874, "bids": [[122480000.0, 0.00881266], [122470000.0, 0.1037], [122460000.0, 0.0449105], [122450000.0, 0.00874615], [122440000.0, 0.02], [122430000.0, 0.00869688], [122370000.0, 0.02], [122360000.0, 0.39168818], [122340000.0, 0.03655773], [122280000.0, 0.64490525]], "asks": [[122940000.0, 0.00012668], [122930000.0, 0.11182437], [122870000.0, 0.00014189], [122860000.0, 0.00081393], [122800000.0, 0.00010034], [122790000.0, 0.00070452], [122770000.0, 0.001], [122740000.0, 0.00026726], [122730000.0, 0.00848476], [122700000.0, 0.38944046]]},
{"timestamp": 1743771608395, "bids": [[122480000.0, 0.00881266], [122470000.0, 0.1037], [122460000.0, 0.0449105], [122450000.0, 0.00874615], [122440000.0, 0.02], [122430000.0, 0.00869688], [122370000.0, 0.02], [122360000.0, 0.39168818], [122340000.0, 0.03655773], [122290000.0, 0.00973518]], "asks": [[122960000.0, 0.00019957], [122940000.0, 0.00012668], [122870000.0, 0.00014189], [122860000.0, 0.00081393], [122800000.0, 0.00010034], [122790000.0, 0.00070452], [122770000.0, 0.001], [122740000.0, 0.00026726], [122730000.0, 4.992e-05], [122700000.0, 0.38944046]]},
{"timestamp": 1743771608506, "bids": [[122480000.0, 0.00881266], [122470000.0, 0.1037], [122460000.0, 0.0449105], [122450000.0, 0.00874615], [122440000.0, 0.02], [122430000.0, 0.00869688], [122370000.0, 0.02], [122360000.0, 0.39168818], [122340000.0, 0.03655773], [122290000.0, 0.00973518]], "asks": [[122960000.0, 0.00019957], [122940000.0, 0.00012668], [122870000.0, 0.00014189], [122860000.0, 0.00081393], [122800000.0, 0.00010034], [122790000.0, 0.00070452], [122770000.0, 0.001], [122740000.0, 0.00026726], [122730000.0, 4.992e-05], [122700000.0, 0.38944046]]},
{"timestamp": 1743771608701, "bids": [[122480000.0, 0.00881266], [122470000.0, 0.1037], [122460000.0, 0.0449105], [122450000.0, 0.00874615], [122440000.0, 0.02], [122430000.0, 0.00869688], [122370000.0, 0.02], [122360000.0, 0.39168818], [122340000.0, 0.03655773], [122290000.0, 0.00973518]], "asks": [[123010000.0, 0.00059161], [122960000.0, 0.00019957], [122940000.0, 0.00012668], [122870000.0, 0.00014189], [122860000.0, 0.00081393], [122800000.0, 0.00010034], [122790000.0, 0.00070452], [122770000.0, 0.001], [122740000.0, 0.00026726], [122700000.0, 0.38944046]]},
{"timestamp": 1743771608803, "bids": [[122480000.0, 0.00881266], [122470000.0, 0.1037], [122460000.0, 0.0449105], [122450000.0, 0.00874615], [122440000.0, 0.02], [122430000.0, 0.00869688], [122370000.0, 0.02], [122360000.0, 0.39168818], [122340000.0, 0.03655773], [122290000.0, 0.00973518]], "asks": [[123010000.0, 0.00059161], [122960000.0, 0.00019957], [122940000.0, 0.00012668], [122870000.0, 0.00014189], [122860000.0, 0.00081393], [122800000.0, 0.00010034], [122790000.0, 0.00070452], [122770000.0, 0.001], [122740000.0, 0.00026726], [122700000.0, 0.38944046]]},
{"timestamp": 1743771608956, "bids": [[122480000.0, 0.00881266], [122470000.0, 0.1037], [122460000.0, 0.0449105], [122450000.0, 0.00874615], [122440000.0, 0.02], [122430000.0, 0.00869688], [122370000.0, 0.02], [122360000.0, 0.39168818], [122340000.0, 0.03655773], [122290000.0, 0.00973518]], "asks": [[123010000.0, 0.00059161], [122960000.0, 0.00019957], [122940000.0, 0.00012668], [122870000.0, 0.00014189], [122860000.0, 0.00081393], [122800000.0, 0.00010034], [122790000.0, 0.00070452], [122770000.0, 0.001], [122740000.0, 0.00026726], [122700000.0, 0.38944046]]},
{"timestamp": 1743771609099, "bids": [[122480000.0, 0.00881266], [122470000.0, 0.1037], [122460000.0, 0.0449105], [122450000.0, 0.00874615], [122440000.0, 0.02], [122430000.0, 0.00869688], [122370000.0, 0.02], [122360000.0, 0.39168818], [122340000.0, 0.03655773], [122280000.0, 0.64490525]], "asks": [[123010000.0, 0.00059161], [122960000.0, 0.00019957], [122940000.0, 0.00012668], [122870000.0, 0.00014189], [122860000.0, 0.00081393], [122800000.0, 0.00010034], [122790000.0, 0.00070452], [122770000.0, 0.001], [122740000.0, 0.00026726], [122700000.0, 0.38944046]]},
{"timestamp": 1743771609207, "bids": [[122480000.0, 0.00881266], [122470000.0, 0.1037], [122460000.0, 0.0449105], [122450000.0, 0.00874615], [122440000.0, 0.02], [122430000.0, 0.00869688], [122410000.0, 0.10716003], [122370000.0, 0.02], [122360000.0, 0.39168818], [122340000.0, 0.03655773]], "asks": [[122920000.0, 0.22400839], [122900000.0, 0.21144299], [122870000.0, 0.00014189], [122860000.0, 0.00081393], [122800000.0, 0.00010034], [122790000.0, 0.00070452], [122770000.0, 0.001], [122760000.0, 0.11182437], [122740000.0, 0.00026726], [122700000.0, 0.38944046]]},
{"timestamp": 1743771609312, "bids": [[122480000.0, 0.00881266], [122470000.0, 0.1037], [122460000.0, 0.0449105], [122450000.0, 0.00874615], [122440000.0, 0.02], [122430000.0, 0.00869688], [122410000.0, 0.10716003], [122370000.0, 0.02], [122360000.0, 0.39168818], [122340000.0, 0.03655773]], "asks": [[122920000.0, 0.22400839], [122900000.0, 0.21144299], [122870000.0, 0.00014189], [122860000.0, 0.00081393], [122800000.0, 0.00010034], [122790000.0, 0.00070452], [122770000.0, 0.001], [122760000.0, 0.11182437], [122740000.0, 0.00026726], [122700000.0, 0.38944046]]},
{"timestamp": 1743771609572, "bids": [[122480000.0, 0.00881266], [122470000.0, 0.1037], [122460000.0, 0.0449105], [122450000.0, 0.00874615], [122440000.0, 0.02], [122430000.0, 0.00869688], [122410000.0, 0.10716003], [122370000.0, 0.02], [122360000.0, 0.39168818], [122340000.0, 0.03655773]], "asks": [[122920000.0, 0.22400839], [122900000.0, 0.21144299], [122870000.0, 0.00014189], [122860000.0, 0.00081393], [122800000.0, 0.00010034], [122790000.0, 0.00070452], [122770000.0, 0.001], [122760000.0, 0.11182437], [122740000.0, 0.00026726], [122700000.0, 0.38944046]]},
{"timestamp": 1743771609834, "bids": [[122480000.0, 0.00881266], [122470000.0, 0.1037], [122460000.0, 0.0449105], [122450000.0, 0.00874615], [122440000.0, 0.02], [122430000.0, 0.00869688], [122370000.0, 0.02], [122360000.0, 0.39168818], [122340000.0, 0.03655773], [122280000.0, 0.64490525]], "asks": [[122940000.0, 0.00012668], [122920000.0, 0.22400839], [122900000.0, 0.21144299], [122870000.0, 0.00014189], [122860000.0, 0.00081393], [122800000.0, 0.00010034], [122790000.0, 0.00070452], [122770000.0, 0.001], [122740000.0, 0.00026726], [122700000.0, 0.38944046]]},
{"timestamp": 1743771610007, "bids": [[122480000.0, 0.00881266], [122470000.0, 0.49525989], [122460000.0, 0.0449105], [122450000.0, 0.00874615], [122440000.0, 0.02], [122430000.0, 0.00869688], [122370000.0, 0.02], [122340000.0, 0.03655773], [122280000.0, 0.64490525], [122260000.0, 0.00130868]], "asks": [[122940000.0, 0.00012668], [122920000.0, 0.22400839], [122900000.0, 0.21144299], [122870000.0, 0.00014189], [122860000.0, 0.00081393], [122800000.0, 0.00010034], [122790000.0, 0.00070452], [122770000.0, 0.001], [122740000.0, 0.00026726], [122700000.0, 0.38944046]]},
{"timestamp": 1743771610138, "bids": [[122480000.0, 0.11251266], [122470000.0, 0.39155989], [122460000.0, 0.0449105], [122450000.0, 0.00874615], [122440000.0, 0.02], [122430000.0, 0.00869688], [122370000.0, 0.02], [122340000.0, 0.03655773], [122280000.0, 0.64490525], [122260000.0, 0.00130868]], "asks": [[122940000.0, 0.00012668], [122920000.0, 0.22400839], [122900000.0, 0.21144299], [122870000.0, 0.00014189], [122860000.0, 0.00081393], [122800000.0, 0.00010034], [122790000.0, 0.00070452], [122770000.0, 0.001], [122740000.0, 0.00026726], [122700000.0, 0.38944046]]},
{"timestamp": 1743771610476, "bids": [[122480000.0, 0.11251266], [122460000.0, 0.0449105], [122450000.0, 0.00874615], [122440000.0, 0.02], [122430000.0, 0.00869688], [122370000.0, 0.02], [122340000.0, 0.03655773], [122280000.0, 0.64490525], [122260000.0, 0.00130868], [122170000.0, 0.0077]], "asks": [[122940000.0, 0.00012668], [122920000.0, 0.22400839], [122900000.0, 0.21144299], [122870000.0, 0.00014189], [122860000.0, 0.00081393], [122800000.0, 0.00010034], [122790000.0, 0.00070452], [122770000.0, 0.001], [122740000.0, 0.00026726], [122700000.0, 0.38944046]]},
{"timestamp": 1743771610578, "bids": [[122480000.0, 0.00881266], [122470000.0, 0.1035], [122460000.0, 0.0449105], [122450000.0, 0.40029003], [122440000.0, 0.02], [122430000.0, 0.00869688], [122370000.0, 0.02], [122340000.0, 0.03655773], [122280000.0, 0.64490525], [122260000.0, 0.00130868]], "asks": [[122940000.0, 0.00012668], [122920000.0, 0.22400839], [122900000.0, 0.21144299], [122870000.0, 0.00014189], [122860000.0, 0.00081393], [122800000.0, 0.00010034], [122790000.0, 0.00070452], [122770000.0, 0.001], [122740000.0, 0.00026726], [122700000.0, 0.38944046]]},
{"timestamp": 1743771610903, "bids": [[122480000.0, 0.00881266], [122470000.0, 0.1035], [122460000.0, 0.0449105], [122450000.0, 0.40029003], [122440000.0, 0.02], [122430000.0, 0.00869688], [122370000.0, 0.02], [122340000.0, 0.03655773], [122280000.0, 0.64490525], [122260000.0, 0.00130868]], "asks": [[122920000.0, 0.22400839], [122900000.0, 0.21144299], [122870000.0, 0.00014189], [122860000.0, 0.00081393], [122800000.0, 0.00010034], [122790000.0, 0.00070452], [122770000.0, 0.001], [122740000.0, 0.00026726], [122730000.0, 0.01689464], [122700000.0, 0.38944046]]},
{"timestamp": 1743771611040, "bids": [[122480000.0, 0.00881266], [122470000.0, 0.1035], [122460000.0, 0.0449105], [122450000.0, 0.40029003], [122440000.0, 0.02], [122430000.0, 0.00869688], [122370000.0, 0.02], [122340000.0, 0.03655773], [122290000.0, 0.00987209], [122280000.0, 0.64490525]], "asks": [[122920000.0, 0.22400839], [122900000.0, 0.21144299], [122870000.0, 0.00014189], [122860000.0, 0.00081393], [122800000.0, 0.00010034], [122790000.0, 0.00070452], [122770000.0, 0.001], [122740000.0, 0.00026726], [122730000.0, 0.01689464], [122700000.0, 0.38944046]]},
{"timestamp": 1743771611196, "bids": [[122480000.0, 0.00881266], [122470000.0, 0.1035], [122460000.0, 0.0449105], [122450000.0, 0.40029003], [122440000.0, 0.02], [122430000.0, 0.00869688], [122370000.0, 0.02], [122360000.0, 0.00497219], [122340000.0, 0.03655773], [122290000.0, 0.00987209]], "asks": [[122920000.0, 0.22400839], [122900000.0, 0.21144299], [122870000.0, 0.00014189], [122860000.0, 0.00081393], [122800000.0, 0.00010034], [122790000.0, 0.00070452], [122770000.0, 0.001], [122740000.0, 0.00026726], [122730000.0, 0.01689464], [122700000.0, 0.38944046]]},
{"timestamp": 1743771611334, "bids": [[122480000.0, 0.00881266], [122470000.0, 0.1035], [122460000.0, 0.0449105], [122450000.0, 0.40029003], [122440000.0, 0.02], [122430000.0, 0.00869688], [122370000.0, 0.02522637], [122340000.0, 0.03655773], [122290000.0, 0.00987209], [122280000.0, 0.64490525]], "asks": [[122940000.0, 0.00012668], [122920000.0, 0.22400839], [122900000.0, 0.21144299], [122870000.0, 0.00014189], [122860000.0, 0.00081393], [122800000.0, 0.00010034], [122790000.0, 0.00070452], [122770000.0, 0.001], [122740000.0, 0.00026726], [122730000.0, 0.01689464]]},
{"timestamp": 1743771611465, "bids": [[122480000.0, 0.00881266], [122470000.0, 0.1035], [122460000.0, 0.0449105], [122450000.0, 0.40029003], [122440000.0, 0.02], [122430000.0, 0.00869688], [122390000.0, 0.00486117], [122370000.0, 0.02522637], [122340000.0, 0.03655773], [122290000.0, 0.00987209]], "asks": [[122920000.0, 0.22400839], [122900000.0, 0.21144299], [122870000.0, 0.00014189], [122860000.0, 0.00081393], [122800000.0, 0.00010034], [122790000.0, 0.00070452], [122770000.0, 0.001], [122740000.0, 0.00026726], [122730000.0, 0.01689464], [122700000.0, 0.38944046]]},
{"timestamp": 1743771611600, "bids": [[122480000.0, 0.00881266], [122470000.0, 0.1035], [122460000.0, 0.0449105], [122450000.0, 0.40029003], [122440000.0, 0.02], [122430000.0, 0.00869688], [122390000.0, 0.00486117], [122370000.0, 0.02], [122360000.0, 0.01940374], [122340000.0, 0.03655773]], "asks": [[122920000.0, 0.22400839], [122900000.0, 0.21144299], [122870000.0, 0.00014189], [122860000.0, 0.00081393], [122800000.0, 0.00010034], [122790000.0, 0.00070452], [122770000.0, 0.001], [122740000.0, 0.00026726], [122730000.0, 0.01689464], [122700000.0, 0.38944046]]},
{"timestamp": 1743771611735, "bids": [[122480000.0, 0.00881266], [122470000.0, 0.1035], [122460000.0, 0.0449105], [122450000.0, 0.40029003], [122440000.0, 0.02], [122430000.0, 0.00869688], [122410000.0, 0.10716003], [122390000.0, 0.00486117], [122370000.0, 0.02], [122360000.0, 0.02518073]], "asks": [[122920000.0, 0.22400839], [122900000.0, 0.21144299], [122870000.0, 0.00014189], [122860000.0, 0.00081393], [122800000.0, 0.00010034], [122790000.0, 0.00070452], [122770000.0, 0.001], [122740000.0, 0.00026726], [122730000.0, 0.01689464], [122700000.0, 0.38944046]]},
{"timestamp": 1743771611839, "bids": [[122480000.0, 0.00881266], [122470000.0, 0.1035], [122460000.0, 0.0449105], [122450000.0, 0.40029003], [122440000.0, 0.02], [122430000.0, 0.00869688], [122410000.0, 0.10716003], [122390000.0, 0.00486117], [122370000.0, 0.02], [122360000.0, 0.02518073]], "asks": [[122900000.0, 0.21144299], [122870000.0, 0.00014189], [122860000.0, 0.00081393], [122800000.0, 0.00010034], [122790000.0, 0.00070452], [122770000.0, 0.001], [122760000.0, 0.11182437], [122740000.0, 0.00026726], [122730000.0, 0.01689464], [122700000.0, 0.38944046]]},
{"timestamp": 1743771611945, "bids": [[122480000.0, 0.00881266], [122470000.0, 0.1035], [122460000.0, 0.0449105], [122450000.0, 0.40029003], [122440000.0, 0.02], [122430000.0, 0.00869688], [122410000.0, 0.10716003], [122390000.0, 0.00486117], [122370000.0, 0.02], [122360000.0, 0.02518073]], "asks": [[122900000.0, 0.21144299], [122870000.0, 0.00014189], [122860000.0, 0.00081393], [122800000.0, 0.00010034], [122790000.0, 0.00070452], [122770000.0, 0.001], [122760000.0, 0.11182437], [122740000.0, 0.00026726], [122700000.0, 0.38944046], [122660000.0, 0.03629938]]},
{"timestamp": 1743771612060, "bids": [[122480000.0, 0.00881266], [122470000.0, 0.1035], [122460000.0, 0.0449105], [122450000.0, 0.40029003], [122440000.0, 0.02], [122430000.0, 0.00869688], [122410000.0, 0.10716003], [122390000.0, 0.00486117], [122370000.0, 0.02], [122360000.0, 0.02518073]], "asks": [[122920000.0, 0.22400839], [122900000.0, 0.21144299], [122870000.0, 0.00014189], [122860000.0, 0.00081393], [122800000.0, 0.00010034], [122790000.0, 0.00070452], [122770000.0, 0.001], [122760000.0, 0.11182437], [122740000.0, 0.00026726], [122660000.0, 0.03629938]]},
{"timestamp": 1743771612171, "bids": [[122480000.0, 0.00881266], [122470000.0, 0.1035], [122460000.0, 0.0449105], [122450000.0, 0.40029003], [122440000.0, 0.02], [122430000.0, 0.00869688], [122410000.0, 0.10716003], [122390000.0, 0.00486117], [122370000.0, 0.02], [122360000.0, 0.02518073]], "asks": [[122950000.0, 0.22312565], [122940000.0, 0.00012668], [122920000.0, 0.22400839], [122870000.0, 0.00014189], [122860000.0, 0.00081393], [122800000.0, 0.00010034], [122790000.0, 0.00070452], [122770000.0, 0.001], [122760000.0, 0.11182437], [122740000.0, 0.00026726]]},
{"timestamp": 1743771612275, "bids": [[122480000.0, 0.00881266], [122470000.0, 0.1035], [122460000.0, 0.0449105], [122450000.0, 0.40029003], [122440000.0, 0.02], [122430000.0, 0.00869688], [122410000.0, 0.10716003], [122390000.0, 0.00486117], [122370000.0, 0.02], [122360000.0, 0.02518073]], "asks": [[122950000.0, 0.22312565], [122940000.0, 0.00012668], [122920000.0, 0.22400839], [122870000.0, 0.00014189], [122860000.0, 0.00081393], [122800000.0, 0.00010034], [122790000.0, 0.00070452], [122770000.0, 0.001], [122760000.0, 0.11182437], [122740000.0, 0.00026726]]},
{"timestamp": 1743771612410, "bids": [[122480000.0, 0.00881266], [122470000.0, 0.1035], [122460000.0, 0.0449105], [122450000.0, 0.40029003], [122440000.0, 0.02], [122430000.0, 0.00869688], [122410000.0, 0.10716003], [122390000.0, 0.00486117], [122380000.0, 0.0161], [122370000.0, 0.02]], "asks": [[122950000.0, 0.22312565], [122940000.0, 0.00012668], [122920000.0, 0.22400839], [122870000.0, 0.00014189], [122860000.0, 0.00081393], [122800000.0, 0.00010034], [122790000.0, 0.00070452], [122770000.0, 0.001], [122760000.0, 0.11182437], [122740000.0, 0.00026726]]},
{"timestamp": 1743771612597, "bids": [[122480000.0, 0.00881266], [122470000.0, 0.1035], [122460000.0, 0.0449105], [122450000.0, 0.40029003], [122440000.0, 0.02], [122430000.0, 0.00869688], [122410000.0, 0.10716003], [122390000.0, 0.00486117], [122380000.0, 0.0161], [122370000.0, 0.02]], "asks": [[122950000.0, 0.22312565], [122940000.0, 0.00012668], [122920000.0, 0.22400839], [122870000.0, 0.00014189], [122860000.0, 0.00081393], [122800000.0, 0.00010034], [122790000.0, 0.00070452], [122770000.0, 0.001], [122760000.0, 0.11182437], [122740000.0, 0.00026726]]},
{"timestamp": 1743771612992, "bids": [[122480000.0, 0.00881266], [122470000.0, 0.1035], [122460000.0, 0.0449105], [122450000.0, 0.40029003], [122440000.0, 0.02], [122430000.0, 0.00869688], [122410000.0, 0.10716003], [122390000.0, 0.00486117], [122380000.0, 0.0161], [122370000.0, 0.02]], "asks": [[122940000.0, 0.00012668], [122920000.0, 0.22400839], [122870000.0, 0.00014189], [122860000.0, 0.00081393], [122800000.0, 0.00010034], [122790000.0, 0.00070452], [122770000.0, 0.001], [122760000.0, 0.11182437], [122740000.0, 0.00026726], [122730000.0, 0.38934359]]},
{"timestamp": 1743771613242, "bids": [[122480000.0, 0.00881266], [122470000.0, 0.1035], [122460000.0, 0.0449105], [122450000.0, 0.40029003], [122440000.0, 0.02], [122430000.0, 0.00869688], [122410000.0, 0.10716003], [122390000.0, 0.00486117], [122380000.0, 0.0161], [122370000.0, 0.02]], "asks": [[122920000.0, 0.22400839], [122870000.0, 0.00014189], [122860000.0, 0.00081393], [122800000.0, 0.00010034], [122790000.0, 0.00070452], [122770000.0, 0.001], [122760000.0, 0.11182437], [122740000.0, 0.00026726], [122730000.0, 0.38934359], [122670000.0, 0.0362]]},
{"timestamp": 1743771613401, "bids": [[122480000.0, 0.00881266], [122470000.0, 0.1035], [122460000.0, 0.0449105], [122450000.0, 0.40029003], [122440000.0, 0.02], [122430000.0, 0.00869688], [122410000.0, 0.10716003], [122390000.0, 0.00486117], [122380000.0, 0.0161], [122370000.0, 0.02]], "asks": [[122920000.0, 0.22400839], [122870000.0, 0.00014189], [122860000.0, 0.00081393], [122800000.0, 0.00010034], [122790000.0, 0.00070452], [122770000.0, 0.001], [122760000.0, 0.11182437], [122740000.0, 0.00026726], [122730000.0, 0.41693061], [122670000.0, 0.0362]]},
{"timestamp": 1743771613656, "bids": [[122480000.0, 0.00881266], [122470000.0, 0.1035], [122460000.0, 0.0449105], [122450000.0, 0.40029003], [122440000.0, 0.02], [122430000.0, 0.00869688], [122410000.0, 0.10716003], [122390000.0, 0.00486117], [122380000.0, 0.0161], [122370000.0, 0.02]], "asks": [[122940000.0, 0.00012668], [122920000.0, 0.22400839], [122870000.0, 0.00014189], [122860000.0, 0.00081393], [122800000.0, 0.00010034], [122790000.0, 0.00070452], [122770000.0, 0.001], [122760000.0, 0.11182437], [122740000.0, 0.00026726], [122730000.0, 0.41693061]]},
{"timestamp": 1743771613788, "bids": [[122480000.0, 0.00881266], [122470000.0, 0.1035], [122460000.0, 0.0449105], [122450000.0, 0.40029003], [122440000.0, 0.02], [122430000.0, 0.00869688], [122410000.0, 0.10716003], [122390000.0, 0.00486117], [122380000.0, 0.0161], [122370000.0, 0.02]], "asks": [[122920000.0, 0.22400839], [122870000.0, 0.00014189], [122860000.0, 0.00081393], [122800000.0, 0.00010034], [122790000.0, 0.00070452], [122770000.0, 0.001], [122760000.0, 0.11182437], [122740000.0, 0.00026726], [122730000.0, 0.41693061], [122670000.0, 0.03659807]]},
{"timestamp": 1743771613917, "bids": [[122480000.0, 0.00881266], [122470000.0, 0.1035], [122460000.0, 0.0449105], [122450000.0, 0.40029003], [122440000.0, 0.02], [122430000.0, 0.00869688], [122410000.0, 0.10716003], [122390000.0, 0.00486117], [122380000.0, 0.0161], [122370000.0, 0.02]], "asks": [[122940000.0, 0.00012668], [122920000.0, 0.22400839], [122870000.0, 0.00014189], [122860000.0, 0.00081393], [122800000.0, 0.00010034], [122790000.0, 0.00070452], [122770000.0, 0.001], [122760000.0, 0.11182437], [122740000.0, 0.00026726], [122730000.0, 0.41693061]]},
{"timestamp": 1743771614108, "bids": [[122480000.0, 0.00881266], [122470000.0, 0.1035], [122460000.0, 0.0449105], [122450000.0, 0.40029003], [122440000.0, 0.02], [122430000.0, 0.00869688], [122410000.0, 0.10716003], [122390000.0, 0.00486117], [122380000.0, 0.0161], [122370000.0, 0.02]], "asks": [[122940000.0, 0.00012668], [122920000.0, 0.22400839], [122870000.0, 0.00014189], [122860000.0, 0.00081393], [122800000.0, 0.00010034], [122790000.0, 0.00070452], [122770000.0, 0.001], [122760000.0, 0.11182437], [122740000.0, 0.00026726], [122730000.0, 0.41693061]]},
{"timestamp": 1743771614337, "bids": [[122480000.0, 0.00881266], [122470000.0, 0.1035], [122460000.0, 0.0449105], [122450000.0, 0.40029003], [122440000.0, 0.02], [122430000.0, 0.00869688], [122410000.0, 0.10716003], [122390000.0, 0.00486117], [122380000.0, 0.0161], [122370000.0, 0.02]], "asks": [[122940000.0, 0.00012668], [122920000.0, 0.22400839], [122870000.0, 0.00014189], [122860000.0, 0.00081393], [122800000.0, 0.00010034], [122790000.0, 0.00070452], [122770000.0, 0.001], [122760000.0, 0.11182437], [122740000.0, 0.00026726], [122730000.0, 0.41693061]]},
{"timestamp": 1743771614582, "bids": [[122480000.0, 0.00881266], [122470000.0, 0.1035], [122460000.0, 0.0449105], [122450000.0, 0.40029003], [122440000.0, 0.02], [122430000.0, 0.00869688], [122410000.0, 0.10716003], [122390000.0, 0.00486117], [122380000.0, 0.0161], [122370000.0, 0.02]], "asks": [[122940000.0, 0.00012668], [122920000.0, 0.22400839], [122870000.0, 0.00014189], [122860000.0, 0.00081393], [122800000.0, 0.00010034], [122790000.0, 0.00070452], [122770000.0, 0.001], [122760000.0, 0.11182437], [122740000.0, 0.00026726], [122730000.0, 0.38934359]]},
{"timestamp": 1743771615233, "bids": [[122480000.0, 0.00881266], [122470000.0, 0.1035], [122460000.0, 0.0449105], [122450000.0, 0.40029003], [122440000.0, 0.02], [122430000.0, 0.00869688], [122410000.0, 0.10716003], [122390000.0, 0.00486117], [122380000.0, 0.0161], [122370000.0, 0.02]], "asks": [[122940000.0, 0.00012668], [122920000.0, 0.22400839], [122870000.0, 0.00014189], [122860000.0, 0.00081393], [122800000.0, 0.00010034], [122790000.0, 0.00070452], [122770000.0, 0.001], [122760000.0, 0.11182437], [122740000.0, 0.00026726], [122730000.0, 0.38934359]]},
{"timestamp": 1743771615371, "bids": [[122480000.0, 0.00881266], [122470000.0, 0.1035], [122460000.0, 0.0449105], [122450000.0, 0.40029003], [122440000.0, 0.02], [122430000.0, 0.00869688], [122410000.0, 0.10716003], [122390000.0, 0.00486117], [122380000.0, 0.0161], [122370000.0, 0.02]], "asks": [[122870000.0, 0.00014189], [122860000.0, 0.00081393], [122800000.0, 0.00010034], [122790000.0, 0.00070452], [122770000.0, 0.001], [122760000.0, 0.11182437], [122740000.0, 0.00026726], [122730000.0, 0.38934359], [122670000.0, 0.0362], [122640000.0, 0.0293643]]},
{"timestamp": 1743771615474, "bids": [[122480000.0, 0.00881266], [122470000.0, 0.1035], [122460000.0, 0.0449105], [122450000.0, 0.40029003], [122440000.0, 0.02], [122430000.0, 0.00869688], [122410000.0, 0.10716003], [122390000.0, 0.00486117], [122380000.0, 0.0161], [122370000.0, 0.02]], "asks": [[122920000.0, 0.22400839], [122870000.0, 0.00014189], [122860000.0, 0.00081393], [122800000.0, 0.00010034], [122790000.0, 0.00070452], [122770000.0, 0.001], [122760000.0, 0.11182437], [122740000.0, 0.00026726], [122730000.0, 0.38934359], [122670000.0, 0.0362]]},
{"timestamp": 1743771615604, "bids": [[122480000.0, 0.00881266], [122470000.0, 0.1035], [122460000.0, 0.0449105], [122450000.0, 0.40029003], [122440000.0, 0.02], [122430000.0, 0.00869688], [122410000.0, 0.10716003], [122390000.0, 0.00486117], [122380000.0, 0.0161], [122370000.0, 0.02]], "asks": [[122940000.0, 0.00012668], [122920000.0, 0.22400839], [122870000.0, 0.00014189], [122860000.0, 0.00081393], [122800000.0, 0.00010034], [122790000.0, 0.00070452], [122770000.0, 0.001], [122760000.0, 0.11182437], [122740000.0, 0.00026726], [122730000.0, 0.38934359]]},
{"timestamp": 1743771615906, "bids": [[122480000.0, 0.00881266], [122470000.0, 0.1035], [122460000.0, 0.0449105], [122450000.0, 0.40029003], [122440000.0, 0.02], [122430000.0, 0.00869688], [122410000.0, 0.10716003], [122390000.0, 0.00486117], [122380000.0, 0.0161], [122370000.0, 0.02]], "asks": [[122940000.0, 0.00012668], [122920000.0, 0.22400839], [122870000.0, 0.00014189], [122860000.0, 0.00081393], [122800000.0, 0.00010034], [122790000.0, 0.00070452], [122770000.0, 0.001], [122760000.0, 0.11182437], [122740000.0, 0.00041468], [122730000.0, 0.38934359]]},
{"timestamp": 1743771616244, "bids": [[122480000.0, 0.00881266], [122470000.0, 0.1035], [122460000.0, 0.0449105], [122450000.0, 0.40029003], [122440000.0, 0.02], [122430000.0, 0.00869688], [122410000.0, 0.10716003], [122390000.0, 0.00486117], [122380000.0, 0.0161], [122370000.0, 0.02]], "asks": [[122920000.0, 0.22400839], [122870000.0, 0.00014189], [122860000.0, 0.00081393], [122800000.0, 0.00010034], [122790000.0, 0.00070452], [122770000.0, 0.001], [122760000.0, 0.11182437], [122740000.0, 0.00041468], [122730000.0, 0.38934359], [122720000.0, 0.00368668]]},
{"timestamp": 1743771616366, "bids": [[122480000.0, 0.00881266], [122470000.0, 0.1035], [122460000.0, 0.0449105], [122450000.0, 0.40029003], [122440000.0, 0.02], [122430000.0, 0.00869688], [122410000.0, 0.10716003], [122390000.0, 0.00486117], [122380000.0, 0.0161], [122370000.0, 0.02]], "asks": [[122920000.0, 0.22400839], [122870000.0, 0.00014189], [122860000.0, 0.00081393], [122800000.0, 0.00010034], [122790000.0, 0.00070452], [122770000.0, 0.001], [122760000.0, 0.11182437], [122740000.0, 0.00041468], [122730000.0, 0.38934359], [122720000.0, 0.00368668]]},
{"timestamp": 1743771616503, "bids": [[122480000.0, 0.00881266], [122470000.0, 0.1035], [122460000.0, 0.0449105], [122450000.0, 0.40029003], [122440000.0, 0.02], [122430000.0, 0.00869688], [122410000.0, 0.10716003], [122390000.0, 0.00486117], [122380000.0, 0.0161], [122370000.0, 0.02]], "asks": [[122870000.0, 0.00014189], [122860000.0, 0.00081393], [122800000.0, 0.00010034], [122790000.0, 0.00070452], [122770000.0, 0.001], [122760000.0, 0.11182437], [122740000.0, 0.00041468], [122730000.0, 0.38934359], [122720000.0, 0.00368668], [122670000.0, 0.0362]]},
{"timestamp": 1743771616639, "bids": [[122480000.0, 0.00881266], [122470000.0, 0.1035], [122460000.0, 0.0449105], [122450000.0, 0.40029003], [122440000.0, 0.02], [122430000.0, 0.00869688], [122410000.0, 0.10716003], [122390000.0, 0.00486117], [122380000.0, 0.0161], [122370000.0, 0.02]], "asks": [[122870000.0, 0.00014189], [122860000.0, 0.00081393], [122800000.0, 0.00010034], [122790000.0, 0.00070452], [122770000.0, 0.001], [122760000.0, 0.11182437], [122740000.0, 0.00041468], [122730000.0, 0.38934359], [122720000.0, 0.00368668], [122670000.0, 0.0362]]},
{"timestamp": 1743771616745, "bids": [[122480000.0, 0.00881266], [122470000.0, 0.1035], [122460000.0, 0.0449105], [122450000.0, 0.40029003], [122440000.0, 0.02], [122430000.0, 0.00869688], [122410000.0, 0.10716003], [122390000.0, 0.00486117], [122380000.0, 0.0161], [122370000.0, 0.02]], "asks": [[122870000.0, 0.00014189], [122860000.0, 0.00081393], [122800000.0, 0.00010034], [122790000.0, 0.00070452], [122770000.0, 0.001], [122760000.0, 0.11182437], [122740000.0, 0.00041468], [122730000.0, 0.38934359], [122720000.0, 0.00368668], [122670000.0, 0.0362]]},
{"timestamp": 1743771616894, "bids": [[122480000.0, 0.00881266], [122470000.0, 0.1035], [122460000.0, 0.0449105], [122450000.0, 0.40029003], [122440000.0, 0.02], [122430000.0, 0.00869688], [122410000.0, 0.10716003], [122390000.0, 0.00486117], [122380000.0, 0.0161], [122370000.0, 0.02]], "asks": [[122870000.0, 0.00014189], [122860000.0, 0.00081393], [122800000.0, 0.00010034], [122790000.0, 0.00070452], [122770000.0, 0.001], [122760000.0, 0.11182437], [122740000.0, 0.00041468], [122730000.0, 0.38934359], [122720000.0, 0.00368668], [122670000.0, 0.0362]]},
{"timestamp": 1743771617023, "bids": [[122480000.0, 0.00881266], [122470000.0, 0.1035], [122460000.0, 0.0449105], [122450000.0, 0.40029003], [122440000.0, 0.02], [122430000.0, 0.00869688], [122410000.0, 0.10716003], [122390000.0, 0.00486117], [122380000.0, 0.0161], [122370000.0, 0.02]], "asks": [[122870000.0, 0.00014189], [122860000.0, 0.00081393], [122800000.0, 0.00010034], [122790000.0, 0.00070452], [122770000.0, 0.001], [122760000.0, 0.11182437], [122740000.0, 0.00041468], [122730000.0, 0.38934359], [122720000.0, 0.00368668], [122670000.0, 0.0362]]},
{"timestamp": 1743771617165, "bids": [[122480000.0, 0.00881266], [122470000.0, 0.1035], [122460000.0, 0.0449105], [122450000.0, 0.40029003], [122440000.0, 0.02], [122430000.0, 0.00869688], [122410000.0, 0.10716003], [122390000.0, 0.00486117], [122380000.0, 0.0161], [122370000.0, 0.02]], "asks": [[122920000.0, 0.22400839], [122870000.0, 0.00014189], [122860000.0, 0.00081393], [122800000.0, 0.00010034], [122790000.0, 0.00070452], [122770000.0, 0.001], [122760000.0, 0.11182437], [122740000.0, 0.00041468], [122730000.0, 0.38934359], [122720000.0, 0.00368668]]},
{"timestamp": 1743771617502, "bids": [[122480000.0, 0.00881266], [122470000.0, 0.1035], [122460000.0, 0.0449105], [122450000.0, 0.40029003], [122440000.0, 0.02], [122430000.0, 0.00869688], [122410000.0, 0.10716003], [122400000.0, 0.00535828], [122380000.0, 0.0161], [122370000.0, 0.04369493]], "asks": [[122920000.0, 0.22400839], [122870000.0, 0.00014189], [122860000.0, 0.00081393], [122800000.0, 0.00010034], [122790000.0, 0.00070452], [122770000.0, 0.001], [122760000.0, 0.11182437], [122740000.0, 0.00041468], [122730000.0, 0.38934359], [122720000.0, 0.00368668]]},
{"timestamp": 1743771617629, "bids": [[122480000.0, 0.00881266], [122470000.0, 0.1035], [122460000.0, 0.0449105], [122450000.0, 0.40029003], [122440000.0, 0.02], [122430000.0, 0.00869688], [122410000.0, 0.10716003], [122400000.0, 0.00535828], [122380000.0, 0.0161], [122370000.0, 0.04369493]], "asks": [[122940000.0, 0.00012668], [122920000.0, 0.22400839], [122870000.0, 0.00014189], [122860000.0, 0.00081393], [122800000.0, 0.00010034], [122790000.0, 0.00070452], [122770000.0, 0.001], [122760000.0, 0.11182437], [122740000.0, 0.00041468], [122730000.0, 0.38934359]]},
{"timestamp": 1743771618545, "bids": [[122480000.0, 0.00881266], [122470000.0, 0.1035], [122460000.0, 0.0449105], [122450000.0, 0.40029003], [122440000.0, 0.02], [122430000.0, 0.00869688], [122410000.0, 0.10716003], [122400000.0, 0.00535828], [122390000.0, 0.02417179], [122380000.0, 0.0161]], "asks": [[122940000.0, 0.00012668], [122920000.0, 0.22400839], [122870000.0, 0.00014189], [122860000.0, 0.00081393], [122800000.0, 0.00010034], [122790000.0, 0.00070452], [122770000.0, 0.001], [122760000.0, 0.11182437], [122740000.0, 0.00041468], [122730000.0, 0.38934359]]},
{"timestamp": 1743771618825, "bids": [[122480000.0, 0.00881266], [122470000.0, 0.1035], [122460000.0, 0.0449105], [122450000.0, 0.40029003], [122440000.0, 0.02], [122430000.0, 0.00869688], [122410000.0, 0.10716003], [122400000.0, 0.00535828], [122390000.0, 0.02417179], [122380000.0, 0.0161]], "asks": [[122940000.0, 0.00012668], [122920000.0, 0.22400839], [122870000.0, 0.00014189], [122860000.0, 0.00081393], [122800000.0, 0.00010034], [122790000.0, 0.00070452], [122770000.0, 0.001], [122760000.0, 0.11182437], [122740000.0, 0.00041468], [122730000.0, 0.38934359]]},
{"timestamp": 1743771618962, "bids": [[122480000.0, 0.00881266], [122470000.0, 0.1035], [122460000.0, 0.0449105], [122450000.0, 0.40029003], [122440000.0, 0.02], [122430000.0, 0.00869688], [122410000.0, 0.10716003], [122400000.0, 0.00535828], [122390000.0, 0.02417179], [122380000.0, 0.0161]], "asks": [[122920000.0, 0.22400839], [122870000.0, 0.00014189], [122860000.0, 0.00081393], [122800000.0, 0.00010034], [122790000.0, 0.00070452], [122770000.0, 0.001], [122760000.0, 0.11182437], [122740000.0, 0.00041468], [122730000.0, 0.38934359], [122720000.0, 0.00278657]]},
{"timestamp": 1743771619148, "bids": [[122480000.0, 0.02881266], [122470000.0, 0.21066003], [122460000.0, 0.0449105], [122450000.0, 0.40029003], [122440000.0, 0.02], [122430000.0, 0.00869688], [122400000.0, 0.00535828], [122390000.0, 0.02417179], [122380000.0, 0.0161], [122370000.0, 0.02]], "asks": [[122920000.0, 0.22400839], [122870000.0, 0.00014189], [122860000.0, 0.00081393], [122800000.0, 0.00010034], [122790000.0, 0.00070452], [122770000.0, 0.001], [122760000.0, 0.11182437], [122740000.0, 0.00041468], [122720000.0, 0.00278657], [122680000.0, 0.02]]},
{"timestamp": 1743771619256, "bids": [[122490000.0, 0.11190403], [122480000.0, 0.02881266], [122470000.0, 0.10716003], [122460000.0, 0.0449105], [122450000.0, 0.40029003], [122440000.0, 0.02], [122430000.0, 0.00869688], [122400000.0, 0.00535828], [122390000.0, 0.02417179], [122380000.0, 0.0161]], "asks": [[122950000.0, 0.22312565], [122940000.0, 0.00012668], [122920000.0, 0.22400839], [122870000.0, 0.00014189], [122860000.0, 0.00081393], [122800000.0, 0.00010034], [122790000.0, 0.00070452], [122770000.0, 0.001], [122760000.0, 0.11182437], [122750000.0, 0.02760773]]},
{"timestamp": 1743771619364, "bids": [[122500000.0, 0.00841084], [122490000.0, 0.11190403], [122480000.0, 0.02881266], [122460000.0, 0.0449105], [122450000.0, 0.40029003], [122440000.0, 0.02], [122430000.0, 0.00869688], [122420000.0, 0.0174], [122400000.0, 0.00535828], [122390000.0, 0.02417179]], "asks": [[122950000.0, 0.22312565], [122940000.0, 0.00012668], [122920000.0, 0.22400839], [122870000.0, 0.00014189], [122860000.0, 0.00081393], [122800000.0, 0.00010034], [122790000.0, 0.00070452], [122770000.0, 0.001], [122750000.0, 0.02760773], [122740000.0, 0.00026726]]},
{"timestamp": 1743771619469, "bids": [[122500000.0, 0.11191084], [122490000.0, 0.00840403], [122480000.0, 0.02881266], [122460000.0, 0.0449105], [122450000.0, 0.39158634], [122440000.0, 0.02], [122420000.0, 0.0174], [122410000.0, 0.00581257], [122400000.0, 0.00535828], [122390000.0, 0.02417179]], "asks": [[122920000.0, 0.22400839], [122870000.0, 0.00014189], [122860000.0, 0.00081393], [122850000.0, 0.11182437], [122800000.0, 0.00010034], [122790000.0, 0.00070452], [122770000.0, 0.001], [122750000.0, 0.02760773], [122740000.0, 0.00026726], [122680000.0, 0.02755273]]},
{"timestamp": 1743771619575, "bids": [[122500000.0, 0.11191084], [122490000.0, 0.11556406], [122480000.0, 0.02881266], [122460000.0, 0.0449105], [122450000.0, 0.39158634], [122440000.0, 0.02], [122420000.0, 0.0174], [122410000.0, 0.00581257], [122400000.0, 0.00535828], [122390000.0, 0.01854365]], "asks": [[122940000.0, 0.00012668], [122920000.0, 0.22400839], [122870000.0, 0.00014189], [122860000.0, 0.00081393], [122850000.0, 0.11182437], [122800000.0, 0.00010034], [122790000.0, 0.00070452], [122770000.0, 0.001], [122750000.0, 0.02760773], [122740000.0, 0.00026726]]},
{"timestamp": 1743771619703, "bids": [[122510000.0, 0.00843128], [122500000.0, 0.21907087], [122490000.0, 0.00840403], [122480000.0, 0.02881266], [122460000.0, 0.0449105], [122450000.0, 0.39158634], [122440000.0, 0.02], [122420000.0, 0.0174], [122410000.0, 0.00581257], [122400000.0, 0.00535828]], "asks": [[122960000.0, 0.21164256], [122950000.0, 0.22312565], [122940000.0, 0.00012668], [122920000.0, 0.22400839], [122870000.0, 0.00014189], [122860000.0, 0.00081393], [122850000.0, 0.11182437], [122800000.0, 0.00010034], [122790000.0, 0.00070452], [122770000.0, 0.001]]},
{"timestamp": 1743771619804, "bids": [[122510000.0, 0.11193128], [122500000.0, 0.11557087], [122490000.0, 0.00840403], [122480000.0, 0.02881266], [122460000.0, 0.0362], [122450000.0, 0.39158634], [122440000.0, 0.02], [122420000.0, 0.0174], [122410000.0, 0.00581257], [122400000.0, 0.00535828]], "asks": [[122960000.0, 0.21164256], [122950000.0, 0.22312565], [122940000.0, 0.00012668], [122920000.0, 0.22400839], [122870000.0, 0.00014189], [122860000.0, 0.00081393], [122850000.0, 0.11182437], [122800000.0, 0.00010034], [122790000.0, 0.00070452], [122770000.0, 0.001]]},
{"timestamp": 1743771619913, "bids": [[122510000.0, 0.11193128], [122500000.0, 0.11557087], [122490000.0, 0.00840403], [122480000.0, 0.02881266], [122460000.0, 0.0362], [122450000.0, 0.39158634], [122440000.0, 0.02], [122420000.0, 0.0174], [122410000.0, 0.00581257], [122400000.0, 0.00535828]], "asks": [[122960000.0, 0.21164256], [122950000.0, 0.22312565], [122940000.0, 0.00012668], [122920000.0, 0.22400839], [122870000.0, 0.00014189], [122860000.0, 0.00081393], [122850000.0, 0.11182437], [122800000.0, 0.00010034], [122790000.0, 0.00070452], [122770000.0, 0.001]]},
{"timestamp": 1743771620365, "bids": [[122510000.0, 0.11193128], [122500000.0, 0.11557087], [122490000.0, 0.00840403], [122480000.0, 0.02881266], [122460000.0, 0.0362], [122450000.0, 0.39158634], [122440000.0, 0.02], [122420000.0, 0.0174], [122410000.0, 0.00581257], [122400000.0, 0.00535828]], "asks": [[122950000.0, 0.22312565], [122940000.0, 0.00012668], [122920000.0, 0.22400839], [122870000.0, 0.00014189], [122860000.0, 0.00081393], [122850000.0, 0.11182437], [122800000.0, 0.00010034], [122790000.0, 0.00070452], [122770000.0, 0.001], [122760000.0, 0.38923343]]},
{"timestamp": 1743771620470, "bids": [[122520000.0, 0.00835636], [122510000.0, 0.11193128], [122500000.0, 0.11557087], [122490000.0, 0.00840403], [122480000.0, 0.02881266], [122460000.0, 0.0362], [122450000.0, 0.39158634], [122440000.0, 0.02], [122420000.0, 0.0174], [122410000.0, 0.00581257]], "asks": [[122940000.0, 0.00012668], [122920000.0, 0.22400839], [122870000.0, 0.00014189], [122860000.0, 0.00081393], [122850000.0, 0.11182437], [122800000.0, 0.00010034], [122790000.0, 0.00070452], [122770000.0, 0.001], [122760000.0, 0.38923343], [122740000.0, 0.00026726]]},
{"timestamp": 1743771620607, "bids": [[122520000.0, 0.11185636], [122510000.0, 0.00843128], [122500000.0, 0.11557087], [122490000.0, 0.00840403], [122480000.0, 0.02], [122460000.0, 0.0362], [122450000.0, 0.39158634], [122440000.0, 0.02], [122420000.0, 0.0174], [122410000.0, 0.00581257]], "asks": [[122920000.0, 0.22400839], [122870000.0, 0.00014189], [122860000.0, 0.00081393], [122850000.0, 0.11182437], [122800000.0, 0.00010034], [122790000.0, 0.00070452], [122770000.0, 0.001], [122760000.0, 0.38923343], [122740000.0, 0.00026726], [122690000.0, 0.0362]]},
{"timestamp": 1743771620710, "bids": [[122520000.0, 0.11185636], [122510000.0, 0.00843128], [122500000.0, 0.11557087], [122490000.0, 0.00840403], [122480000.0, 0.02], [122460000.0, 0.0362], [122450000.0, 0.39158634], [122440000.0, 0.02], [122420000.0, 0.0174], [122410000.0, 0.00581257]], "asks": [[122940000.0, 0.00012668], [122920000.0, 0.22400839], [122870000.0, 0.00014189], [122860000.0, 0.00081393], [122850000.0, 0.11182437], [122800000.0, 0.00010034], [122790000.0, 0.00070452], [122770000.0, 0.001], [122760000.0, 0.38923343], [122740000.0, 0.00026726]]},
{"timestamp": 1743771620872, "bids": [[122520000.0, 0.11185636], [122510000.0, 0.00843128], [122500000.0, 0.11557087], [122490000.0, 0.00840403], [122480000.0, 0.02], [122460000.0, 0.0362], [122450000.0, 0.39158634], [122440000.0, 0.02], [122420000.0, 0.0174], [122410000.0, 0.00581257]], "asks": [[122940000.0, 0.00012668], [122920000.0, 0.22400839], [122870000.0, 0.00014189], [122860000.0, 0.00081393], [122850000.0, 0.11182437], [122800000.0, 0.00010034], [122790000.0, 0.00070452], [122770000.0, 0.001], [122760000.0, 0.38923343], [122740000.0, 0.00026726]]},
{"timestamp": 1743771621107, "bids": [[122520000.0, 0.11185636], [122510000.0, 0.00843128], [122500000.0, 0.11557087], [122490000.0, 0.00840403], [122480000.0, 0.02], [122460000.0, 0.0362], [122450000.0, 0.39158634], [122440000.0, 0.02], [122420000.0, 0.0174], [122410000.0, 0.00581257]], "asks": [[122940000.0, 0.00012668], [122920000.0, 0.22400839], [122870000.0, 0.00014189], [122860000.0, 0.00081393], [122850000.0, 0.11182437], [122800000.0, 0.00010034], [122790000.0, 0.00070452], [122770000.0, 0.001], [122760000.0, 0.38923343], [122740000.0, 0.00026726]]},
{"timestamp": 1743771621352, "bids": [[122520000.0, 0.11185636], [122510000.0, 0.00843128], [122500000.0, 0.11557087], [122490000.0, 0.00840403], [122480000.0, 0.02], [122460000.0, 0.0362], [122450000.0, 0.39158634], [122440000.0, 0.02], [122420000.0, 0.0174], [122410000.0, 0.00581257]], "asks": [[122940000.0, 0.00012668], [122920000.0, 0.22400839], [122870000.0, 0.00014189], [122860000.0, 0.00081393], [122850000.0, 0.11182437], [122800000.0, 0.00010034], [122790000.0, 0.00070452], [122770000.0, 0.001], [122760000.0, 0.38923343], [122740000.0, 0.00026726]]},
{"timestamp": 1743771621468, "bids": [[122520000.0, 0.11185636], [122510000.0, 0.00843128], [122500000.0, 0.11557087], [122490000.0, 0.00840403], [122480000.0, 0.02], [122460000.0, 0.0362], [122450000.0, 0.39158634], [122440000.0, 0.02], [122420000.0, 0.0174], [122410000.0, 0.00581257]], "asks": [[122870000.0, 0.00014189], [122860000.0, 0.00081393], [122850000.0, 0.11182437], [122800000.0, 0.00010034], [122790000.0, 0.00070452], [122770000.0, 0.001], [122760000.0, 0.38923343], [122740000.0, 0.00026726], [122730000.0, 0.00328756], [122690000.0, 0.0362]]},
{"timestamp": 1743771621607, "bids": [[122530000.0, 0.00849938], [122520000.0, 0.11185636], [122510000.0, 0.00843128], [122500000.0, 0.11557087], [122490000.0, 0.00840403], [122480000.0, 0.02], [122460000.0, 0.0362], [122450000.0, 0.39158634], [122440000.0, 0.02], [122420000.0, 0.0174]], "asks": [[122870000.0, 0.00014189], [122860000.0, 0.00081393], [122850000.0, 0.11182437], [122800000.0, 0.00010034], [122790000.0, 0.00070452], [122770000.0, 0.001], [122760000.0, 0.38923343], [122740000.0, 0.00026726], [122730000.0, 0.00328756], [122690000.0, 0.0362]]},
{"timestamp": 1743771621738, "bids": [[122530000.0, 0.11199938], [122520000.0, 0.00835636], [122510000.0, 0.00843128], [122500000.0, 0.11557087], [122480000.0, 0.02], [122460000.0, 0.0362], [122450000.0, 0.39158634], [122440000.0, 0.02], [122420000.0, 0.0174], [122410000.0, 0.00581257]], "asks": [[122940000.0, 0.00012668], [122920000.0, 0.22400839], [122870000.0, 0.00014189], [122860000.0, 0.00081393], [122800000.0, 0.00010034], [122790000.0, 0.11252889], [122770000.0, 0.001], [122760000.0, 0.38923343], [122740000.0, 0.00026726], [122730000.0, 0.00328756]]},
{"timestamp": 1743771621867, "bids": [[122530000.0, 0.11199938], [122520000.0, 0.00835636], [122510000.0, 0.00843128], [122500000.0, 0.11557087], [122480000.0, 0.02], [122460000.0, 0.0362], [122450000.0, 0.39158634], [122440000.0, 0.02], [122420000.0, 0.0174], [122410000.0, 0.00581257]], "asks": [[122920000.0, 0.22400839], [122870000.0, 0.00014189], [122860000.0, 0.00081393], [122800000.0, 0.02540682], [122790000.0, 0.11252889], [122770000.0, 0.001], [122760000.0, 0.38923343], [122740000.0, 0.00026726], [122730000.0, 0.00328756], [122690000.0, 0.0362]]},
{"timestamp": 1743771622298, "bids": [[122540000.0, 0.029], [122530000.0, 0.11199938], [122520000.0, 0.00835636], [122510000.0, 0.00843128], [122500000.0, 0.11557087], [122480000.0, 0.02], [122450000.0, 0.39158634], [122440000.0, 0.02], [122420000.0, 0.0174], [122410000.0, 0.00581257]], "asks": [[122920000.0, 0.22400839], [122870000.0, 0.00014189], [122860000.0, 0.00081393], [122800000.0, 0.02540682], [122790000.0, 0.11252889], [122770000.0, 0.001], [122760000.0, 0.38923343], [122740000.0, 0.00026726], [122730000.0, 0.00328756], [122690000.0, 0.0362]]},
{"timestamp": 1743771622424, "bids": [[122550000.0, 0.1035], [122540000.0, 0.029], [122530000.0, 0.00849938], [122520000.0, 0.00835636], [122510000.0, 0.00843128], [122500000.0, 0.11557087], [122480000.0, 0.02], [122450000.0, 0.39158634], [122440000.0, 0.02], [122420000.0, 0.0174]], "asks": [[122920000.0, 0.22400839], [122870000.0, 0.00014189], [122860000.0, 0.00081393], [122800000.0, 0.02540682], [122790000.0, 0.11252889], [122770000.0, 0.001], [122760000.0, 0.38923343], [122740000.0, 0.00026726], [122730000.0, 0.00328756], [122690000.0, 0.0362]]},
{"timestamp": 1743771622556, "bids": [[122550000.0, 0.1035], [122540000.0, 0.03753343], [122530000.0, 0.00849938], [122520000.0, 0.00835636], [122510000.0, 0.00843128], [122500000.0, 0.11557087], [122480000.0, 0.02], [122450000.0, 0.39158634], [122440000.0, 0.02], [122420000.0, 0.0174]], "asks": [[122940000.0, 0.00012668], [122920000.0, 0.22400839], [122870000.0, 0.00014189], [122860000.0, 0.00081393], [122800000.0, 0.02540682], [122790000.0, 0.11252889], [122770000.0, 0.001], [122760000.0, 0.38923343], [122740000.0, 0.00026726], [122730000.0, 0.00328756]]},
{"timestamp": 1743771622693, "bids": [[122550000.0, 0.1035], [122540000.0, 0.03753343], [122530000.0, 0.00849938], [122520000.0, 0.00835636], [122510000.0, 0.00843128], [122500000.0, 0.10716003], [122480000.0, 0.02], [122450000.0, 0.39158634], [122440000.0, 0.02], [122420000.0, 0.0174]], "asks": [[122950000.0, 0.22312565], [122940000.0, 0.00012668], [122920000.0, 0.22400839], [122870000.0, 0.00014189], [122860000.0, 0.00081393], [122800000.0, 0.02540682], [122790000.0, 0.11252889], [122770000.0, 0.001], [122760000.0, 0.38923343], [122740000.0, 0.00026726]]},
{"timestamp": 1743771622803, "bids": [[122550000.0, 0.1035], [122540000.0, 0.03753343], [122530000.0, 0.00849938], [122520000.0, 0.00835636], [122510000.0, 0.00843128], [122500000.0, 0.10716003], [122480000.0, 0.02], [122450000.0, 0.39158634], [122440000.0, 0.02], [122420000.0, 0.0174]], "asks": [[122950000.0, 0.22312565], [122940000.0, 0.00012668], [122920000.0, 0.22400839], [122870000.0, 0.00014189], [122860000.0, 0.00081393], [122800000.0, 0.02540682], [122790000.0, 0.11252889], [122770000.0, 0.001], [122760000.0, 0.38923343], [122740000.0, 0.00026726]]},
{"timestamp": 1743771622905, "bids": [[122550000.0, 0.1035], [122540000.0, 0.03753343], [122530000.0, 0.00849938], [122520000.0, 0.00835636], [122510000.0, 0.00843128], [122500000.0, 0.10716003], [122480000.0, 0.02], [122450000.0, 0.39158634], [122440000.0, 0.02], [122420000.0, 0.0174]], "asks": [[122950000.0, 0.22312565], [122940000.0, 0.00012668], [122920000.0, 0.22400839], [122870000.0, 0.00014189], [122860000.0, 0.00081393], [122800000.0, 0.02540682], [122790000.0, 0.11252889], [122770000.0, 0.001], [122760000.0, 0.38923343], [122740000.0, 0.00026726]]},
{"timestamp": 1743771623096, "bids": [[122550000.0, 0.1035], [122540000.0, 0.03753343], [122530000.0, 0.00849938], [122520000.0, 0.00835636], [122510000.0, 0.00843128], [122500000.0, 0.10716003], [122480000.0, 0.02], [122450000.0, 0.39158634], [122440000.0, 0.02], [122420000.0, 0.0174]], "asks": [[122950000.0, 0.22312565], [122940000.0, 0.00012668], [122920000.0, 0.22400839], [122870000.0, 0.00014189], [122860000.0, 0.00081393], [122800000.0, 0.00010034], [122790000.0, 0.11252889], [122770000.0, 0.001], [122760000.0, 0.38923343], [122740000.0, 0.00026726]]},
{"timestamp": 1743771623348, "bids": [[122550000.0, 0.1035], [122540000.0, 0.03753343], [122530000.0, 0.00849938], [122520000.0, 0.00835636], [122510000.0, 0.00843128], [122500000.0, 0.10716003], [122480000.0, 0.02], [122450000.0, 0.39158634], [122440000.0, 0.02], [122420000.0, 0.0174]], "asks": [[122960000.0, 0.21164256], [122950000.0, 0.22312565], [122940000.0, 0.00012668], [122920000.0, 0.22400839], [122870000.0, 0.00014189], [122860000.0, 0.00081393], [122800000.0, 0.00010034], [122790000.0, 0.11252889], [122770000.0, 0.001], [122740000.0, 0.00026726]]},
{"timestamp": 1743771623469, "bids": [[122550000.0, 0.1035], [122540000.0, 0.03753343], [122530000.0, 0.00849938], [122520000.0, 0.00835636], [122510000.0, 0.00843128], [122500000.0, 0.10716003], [122480000.0, 0.02], [122450000.0, 0.39158634], [122440000.0, 0.02], [122420000.0, 0.0174]], "asks": [[122960000.0, 0.21164256], [122950000.0, 0.22312565], [122940000.0, 0.00012668], [122920000.0, 0.22400839], [122870000.0, 0.00014189], [122860000.0, 0.00081393], [122800000.0, 0.00010034], [122790000.0, 0.11252889], [122770000.0, 0.001], [122740000.0, 0.00026726]]},
{"timestamp": 1743771623934, "bids": [[122550000.0, 0.11173377], [122540000.0, 0.03753343], [122530000.0, 0.00849938], [122520000.0, 0.00835636], [122510000.0, 0.00843128], [122500000.0, 0.10716003], [122480000.0, 0.02], [122450000.0, 0.39158634], [122440000.0, 0.02], [122420000.0, 0.0174]], "asks": [[122950000.0, 0.22312565], [122940000.0, 0.00012668], [122920000.0, 0.22400839], [122870000.0, 0.00014189], [122860000.0, 0.00081393], [122800000.0, 0.00010034], [122790000.0, 0.11252889], [122770000.0, 0.001], [122740000.0, 0.00026726], [122730000.0, 0.00328756]]},
{"timestamp": 1743771624268, "bids": [[122550000.0, 0.11173377], [122540000.0, 0.03753343], [122530000.0, 0.00849938], [122520000.0, 0.00835636], [122510000.0, 0.00843128], [122500000.0, 0.10716003], [122480000.0, 0.02], [122450000.0, 0.39158634], [122440000.0, 0.02], [122420000.0, 0.0174]], "asks": [[122950000.0, 0.22312565], [122940000.0, 0.00012668], [122920000.0, 0.22400839], [122870000.0, 0.00014189], [122860000.0, 0.00081393], [122800000.0, 0.00010034], [122790000.0, 0.11252889], [122770000.0, 0.001], [122740000.0, 0.00026726], [122730000.0, 0.00328756]]},
{"timestamp": 1743771624401, "bids": [[122550000.0, 0.11173377], [122540000.0, 0.03753343], [122530000.0, 0.00849938], [122520000.0, 0.00835636], [122510000.0, 0.00843128], [122500000.0, 0.10716003], [122480000.0, 0.02], [122450000.0, 0.39158634], [122440000.0, 0.02], [122420000.0, 0.0174]], "asks": [[122950000.0, 0.22312565], [122940000.0, 0.00012668], [122920000.0, 0.22400839], [122870000.0, 0.00014189], [122860000.0, 0.00081393], [122800000.0, 0.0254871], [122790000.0, 0.11252889], [122770000.0, 0.001], [122740000.0, 0.00026726], [122730000.0, 0.00328756]]},
{"timestamp": 1743771624567, "bids": [[122550000.0, 0.11173377], [122540000.0, 0.03753343], [122530000.0, 0.00849938], [122520000.0, 0.00835636], [122510000.0, 0.00843128], [122500000.0, 0.10716003], [122480000.0, 0.02], [122450000.0, 0.39158634], [122440000.0, 0.02], [122420000.0, 0.0174]], "asks": [[122950000.0, 0.22312565], [122940000.0, 0.00012668], [122920000.0, 0.22400839], [122870000.0, 0.00014189], [122860000.0, 0.00081393], [122800000.0, 0.0254871], [122790000.0, 0.11252889], [122770000.0, 0.001], [122740000.0, 0.00026726], [122730000.0, 0.00328756]]},
{"timestamp": 1743771624756, "bids": [[122550000.0, 0.11173377], [122540000.0, 0.03753343], [122530000.0, 0.00849938], [122520000.0, 0.00835636], [122510000.0, 0.00843128], [122500000.0, 0.10716003], [122480000.0, 0.02], [122450000.0, 0.39158634], [122440000.0, 0.02], [122420000.0, 0.0174]], "asks": [[122940000.0, 0.00012668], [122920000.0, 0.22400839], [122870000.0, 0.00014189], [122860000.0, 0.00081393], [122800000.0, 0.0254871], [122790000.0, 0.11252889], [122770000.0, 0.001], [122760000.0, 0.38922239], [122740000.0, 0.00026726], [122730000.0, 0.00964565]]},
{"timestamp": 1743771624893, "bids": [[122550000.0, 0.11173377], [122540000.0, 0.03753343], [122520000.0, 0.00835636], [122510000.0, 0.00843128], [122500000.0, 0.10716003], [122480000.0, 0.02], [122450000.0, 0.39158634], [122440000.0, 0.02], [122420000.0, 0.0174], [122410000.0, 0.00581257]], "asks": [[122940000.0, 0.00012668], [122920000.0, 0.22400839], [122870000.0, 0.00014189], [122860000.0, 0.00081393], [122800000.0, 0.0254871], [122790000.0, 0.11252889], [122770000.0, 0.001], [122760000.0, 0.38922239], [122740000.0, 0.00026726], [122730000.0, 0.00964565]]},
{"timestamp": 1743771625054, "bids": [[122550000.0, 0.11173377], [122540000.0, 0.03753343], [122520000.0, 0.00835636], [122510000.0, 0.00843128], [122500000.0, 0.10716003], [122480000.0, 0.02], [122450000.0, 0.39158634], [122440000.0, 0.02], [122420000.0, 0.0174], [122410000.0, 0.00581257]], "asks": [[122940000.0, 0.00012668], [122920000.0, 0.22400839], [122870000.0, 0.00014189], [122860000.0, 0.00081393], [122800000.0, 0.0254871], [122790000.0, 0.11252889], [122770000.0, 0.001], [122760000.0, 0.38922239], [122740000.0, 0.00026726], [122730000.0, 0.00964565]]},
{"timestamp": 1743771625200, "bids": [[122550000.0, 0.11173377], [122540000.0, 0.03753343], [122520000.0, 0.00835636], [122510000.0, 0.00843128], [122500000.0, 0.10716003], [122480000.0, 0.02], [122450000.0, 0.39158634], [122440000.0, 0.02], [122420000.0, 0.0174], [122410000.0, 0.00581257]], "asks": [[122950000.0, 0.22312565], [122940000.0, 0.00012668], [122920000.0, 0.22400839], [122870000.0, 0.00014189], [122860000.0, 0.00081393], [122800000.0, 0.0254871], [122790000.0, 0.11252889], [122770000.0, 0.001], [122760000.0, 0.38922239], [122740000.0, 0.00026726]]},
{"timestamp": 1743771625337, "bids": [[122550000.0, 0.11173377], [122540000.0, 0.03753343], [122520000.0, 0.00835636], [122510000.0, 0.00843128], [122500000.0, 0.10716003], [122480000.0, 0.02], [122450000.0, 0.39158634], [122440000.0, 0.02], [122420000.0, 0.0174], [122410000.0, 0.00581257]], "asks": [[122950000.0, 0.22312565], [122940000.0, 0.00012668], [122920000.0, 0.22400839], [122870000.0, 0.00014189], [122860000.0, 0.00081393], [122800000.0, 0.0254871], [122790000.0, 0.11252889], [122770000.0, 0.001], [122760000.0, 0.38922239], [122740000.0, 0.00026726]]},
{"timestamp": 1743771625642, "bids": [[122550000.0, 0.11173377], [122540000.0, 0.03753343], [122520000.0, 0.00835636], [122510000.0, 0.00843128], [122500000.0, 0.10716003], [122480000.0, 0.02], [122450000.0, 0.39158634], [122440000.0, 0.02], [122430000.0, 0.00536667], [122420000.0, 0.0174]], "asks": [[122950000.0, 0.22312565], [122940000.0, 0.00012668], [122920000.0, 0.22400839], [122870000.0, 0.00014189], [122860000.0, 0.00081393], [122800000.0, 0.0254871], [122790000.0, 0.11252889], [122770000.0, 0.001], [122760000.0, 0.38922239], [122740000.0, 0.00026726]]},
{"timestamp": 1743771625763, "bids": [[122550000.0, 0.11173377], [122540000.0, 0.03753343], [122520000.0, 0.00835636], [122510000.0, 0.00843128], [122500000.0, 0.10716003], [122480000.0, 0.02], [122450000.0, 0.39158634], [122440000.0, 0.02], [122430000.0, 0.00536667], [122420000.0, 0.0174]], "asks": [[122950000.0, 0.22312565], [122940000.0, 0.00012668], [122920000.0, 0.22400839], [122870000.0, 0.00014189], [122860000.0, 0.00081393], [122800000.0, 0.0254871], [122790000.0, 0.11252889], [122770000.0, 0.001], [122760000.0, 0.38922239], [122740000.0, 0.00026726]]},
{"timestamp": 1743771625928, "bids": [[122550000.0, 0.1035], [122540000.0, 0.03753343], [122520000.0, 0.00835636], [122510000.0, 0.00843128], [122500000.0, 0.10716003], [122480000.0, 0.02], [122450000.0, 0.39158634], [122440000.0, 0.02], [122430000.0, 0.00536667], [122420000.0, 0.0174]], "asks": [[122940000.0, 0.00012668], [122920000.0, 0.22400839], [122870000.0, 0.00014189], [122860000.0, 0.00081393], [122800000.0, 0.00010034], [122790000.0, 0.11252889], [122770000.0, 0.001], [122760000.0, 0.38922239], [122740000.0, 0.00026726], [122690000.0, 0.0362]]},
{"timestamp": 1743771626063, "bids": [[122550000.0, 0.1035], [122540000.0, 0.03753343], [122520000.0, 0.00835636], [122510000.0, 0.00843128], [122500000.0, 0.10716003], [122480000.0, 0.02], [122450000.0, 0.39158634], [122440000.0, 0.02], [122430000.0, 0.00536667], [122420000.0, 0.0174]], "asks": [[122940000.0, 0.00012668], [122920000.0, 0.22400839], [122870000.0, 0.00014189], [122860000.0, 0.00081393], [122800000.0, 0.00010034], [122790000.0, 0.11252889], [122770000.0, 0.001], [122760000.0, 0.38922239], [122740000.0, 0.00026726], [122690000.0, 0.0362]]},
{"timestamp": 1743771626315, "bids": [[122550000.0, 0.1035], [122540000.0, 0.03753343], [122520000.0, 0.00835636], [122510000.0, 0.00843128], [122500000.0, 0.10716003], [122480000.0, 0.02], [122450000.0, 4.246e-05], [122440000.0, 0.02], [122430000.0, 0.00536667], [122420000.0, 0.0174]], "asks": [[122940000.0, 0.00012668], [122920000.0, 0.22400839], [122870000.0, 0.00014189], [122860000.0, 0.00081393], [122800000.0, 0.00010034], [122790000.0, 0.11252889], [122770000.0, 0.001], [122760000.0, 0.38922239], [122740000.0, 0.00026726], [122690000.0, 0.0362]]},
{"timestamp": 1743771626450, "bids": [[122560000.0, 0.0086424], [122550000.0, 0.1035], [122540000.0, 0.03753343], [122520000.0, 0.00835636], [122510000.0, 0.00843128], [122500000.0, 0.10716003], [122480000.0, 0.02], [122450000.0, 4.246e-05], [122440000.0, 0.02], [122430000.0, 0.00536667]], "asks": [[122960000.0, 0.21164256], [122950000.0, 0.22312565], [122940000.0, 0.00012668], [122920000.0, 0.22400839], [122870000.0, 0.00014189], [122860000.0, 0.00081393], [122800000.0, 0.00010034], [122790000.0, 0.11252889], [122770000.0, 0.001], [122760000.0, 0.38922239]]},
{"timestamp": 1743771626580, "bids": [[122560000.0, 0.0086424], [122550000.0, 0.1035], [122540000.0, 0.03753343], [122520000.0, 0.00835636], [122510000.0, 0.00843128], [122500000.0, 0.10716003], [122480000.0, 0.02], [122450000.0, 4.246e-05], [122440000.0, 0.02], [122430000.0, 0.00536667]], "asks": [[123010000.0, 0.00059161], [122960000.0, 0.21164256], [122950000.0, 0.22312565], [122940000.0, 0.00012668], [122920000.0, 0.22400839], [122870000.0, 0.00014189], [122860000.0, 0.00081393], [122800000.0, 0.00010034], [122790000.0, 0.11252889], [122770000.0, 0.001]]},
{"timestamp": 1743771626683, "bids": [[122560000.0, 0.0086424], [122550000.0, 0.1035], [122540000.0, 0.03753343], [122520000.0, 0.00835636], [122510000.0, 0.00843128], [122500000.0, 0.10716003], [122480000.0, 0.02], [122450000.0, 4.246e-05], [122440000.0, 0.02], [122430000.0, 0.00536667]], "asks": [[122960000.0, 0.21164256], [122950000.0, 0.22312565], [122940000.0, 0.00012668], [122920000.0, 0.22400839], [122870000.0, 0.00014189], [122860000.0, 0.00081393], [122800000.0, 0.00010034], [122790000.0, 0.11252889], [122770000.0, 0.001], [122760000.0, 0.38922239]]},
{"timestamp": 1743771626808, "bids": [[122560000.0, 0.0086424], [122550000.0, 0.1035], [122540000.0, 0.03753343], [122520000.0, 0.00835636], [122510000.0, 0.00843128], [122500000.0, 0.10716003], [122480000.0, 0.02], [122450000.0, 4.246e-05], [122440000.0, 0.02], [122430000.0, 0.00536667]], "asks": [[123020000.0, 0.00010338], [123010000.0, 0.00059161], [122960000.0, 0.21164256], [122940000.0, 0.00012668], [122870000.0, 0.00014189], [122860000.0, 0.00081393], [122800000.0, 0.00010034], [122790000.0, 0.11252889], [122770000.0, 0.001], [122760000.0, 0.38922239]]},
{"timestamp": 1743771626941, "bids": [[122560000.0, 0.0086424], [122550000.0, 0.1035], [122540000.0, 0.03753343], [122520000.0, 0.00835636], [122510000.0, 0.00843128], [122500000.0, 0.10716003], [122480000.0, 0.02], [122450000.0, 4.246e-05], [122440000.0, 0.02], [122430000.0, 0.00536667]], "asks": [[123020000.0, 0.00010338], [123010000.0, 0.00059161], [122960000.0, 0.21164256], [122940000.0, 0.00012668], [122870000.0, 0.00014189], [122860000.0, 0.00081393], [122800000.0, 0.00047911], [122790000.0, 0.11252889], [122770000.0, 0.001], [122760000.0, 0.38922239]]},
{"timestamp": 1743771627075, "bids": [[122560000.0, 0.0086424], [122550000.0, 0.1035], [122540000.0, 0.03753343], [122520000.0, 0.00835636], [122510000.0, 0.00843128], [122500000.0, 0.10716003], [122480000.0, 0.02], [122450000.0, 4.246e-05], [122440000.0, 0.02], [122430000.0, 0.00536667]], "asks": [[123020000.0, 0.00010338], [123010000.0, 0.00059161], [122960000.0, 0.21164256], [122940000.0, 0.00012668], [122870000.0, 0.00014189], [122860000.0, 0.00081393], [122800000.0, 0.00047911], [122790000.0, 0.11252889], [122770000.0, 0.001], [122760000.0, 0.38922239]]},
{"timestamp": 1743771627179, "bids": [[122560000.0, 0.0086424], [122550000.0, 0.1035], [122540000.0, 0.03753343], [122520000.0, 0.00835636], [122510000.0, 0.00843128], [122500000.0, 0.10716003], [122480000.0, 0.02], [122450000.0, 4.246e-05], [122440000.0, 0.02], [122430000.0, 0.00536667]], "asks": [[123010000.0, 0.00059161], [122960000.0, 0.21164256], [122940000.0, 0.00012668], [122870000.0, 0.00014189], [122860000.0, 0.00081393], [122800000.0, 0.00047911], [122790000.0, 0.11252889], [122770000.0, 0.001], [122760000.0, 0.38922239], [122740000.0, 0.00026726]]},
{"timestamp": 1743771627305, "bids": [[122560000.0, 0.0086424], [122550000.0, 0.1035], [122540000.0, 0.03753343], [122520000.0, 0.00835636], [122510000.0, 0.00843128], [122500000.0, 0.10716003], [122480000.0, 0.02], [122450000.0, 4.246e-05], [122440000.0, 0.02], [122430000.0, 0.00536667]], "asks": [[123010000.0, 0.00059161], [122960000.0, 0.21164256], [122940000.0, 0.00012668], [122870000.0, 0.00014189], [122860000.0, 0.00081393], [122800000.0, 0.00047911], [122790000.0, 0.11252889], [122770000.0, 0.001], [122760000.0, 0.38922239], [122740000.0, 0.00026726]]},
{"timestamp": 1743771627439, "bids": [[122550000.0, 0.1035], [122540000.0, 0.03753343], [122520000.0, 0.00835636], [122510000.0, 0.00843128], [122500000.0, 0.10716003], [122480000.0, 0.02], [122450000.0, 4.246e-05], [122440000.0, 0.02], [122430000.0, 0.00536667], [122420000.0, 0.0174]], "asks": [[123020000.0, 0.00010338], [123010000.0, 0.00059161], [122960000.0, 0.21164256], [122940000.0, 0.00012668], [122870000.0, 0.00014189], [122860000.0, 0.00081393], [122800000.0, 0.00047911], [122790000.0, 0.11252889], [122770000.0, 0.39020536], [122740000.0, 0.00026726]]},
{"timestamp": 1743771627549, "bids": [[122550000.0, 0.1035], [122540000.0, 0.03753343], [122520000.0, 0.00835636], [122510000.0, 0.00843128], [122500000.0, 0.10716003], [122480000.0, 0.02], [122450000.0, 4.246e-05], [122440000.0, 0.02], [122430000.0, 0.00536667], [122420000.0, 0.0174]], "asks": [[123020000.0, 0.00010338], [123010000.0, 0.00059161], [122960000.0, 0.21164256], [122940000.0, 0.00012668], [122870000.0, 0.00014189], [122860000.0, 0.00081393], [122800000.0, 0.00047911], [122790000.0, 0.11252889], [122770000.0, 0.39020536], [122740000.0, 0.00026726]]},
{"timestamp": 1743771627665, "bids": [[122560000.0, 0.0087105], [122550000.0, 0.0423], [122540000.0, 0.03753343], [122520000.0, 0.00835636], [122510000.0, 0.00843128], [122500000.0, 0.10716003], [122480000.0, 0.02], [122450000.0, 4.246e-05], [122440000.0, 0.02], [122430000.0, 0.00536667]], "asks": [[123020000.0, 0.00010338], [123010000.0, 0.00059161], [122960000.0, 0.21164256], [122940000.0, 0.00012668], [122870000.0, 0.00014189], [122860000.0, 0.00081393], [122800000.0, 0.00047911], [122790000.0, 0.11252889], [122770000.0, 0.39020536], [122740000.0, 0.00026726]]},
{"timestamp": 1743771627798, "bids": [[122570000.0, 0.0423], [122560000.0, 0.0087105], [122540000.0, 0.03753343], [122520000.0, 0.00835636], [122510000.0, 0.00843128], [122500000.0, 0.10716003], [122480000.0, 0.02], [122450000.0, 4.246e-05], [122440000.0, 0.02], [122430000.0, 0.00536667]], "asks": [[123020000.0, 0.00010338], [123010000.0, 0.00059161], [122960000.0, 0.21164256], [122940000.0, 0.00012668], [122870000.0, 0.00014189], [122860000.0, 0.00081393], [122800000.0, 0.00047911], [122790000.0, 0.11252889], [122770000.0, 0.39020536], [122740000.0, 0.00026726]]},
{"timestamp": 1743771627936, "bids": [[122570000.0, 0.0423], [122560000.0, 0.0087105], [122550000.0, 0.3912724], [122540000.0, 0.03753343], [122520000.0, 0.00835636], [122510000.0, 0.00843128], [122500000.0, 0.10716003], [122480000.0, 0.02], [122450000.0, 4.246e-05], [122440000.0, 0.02]], "asks": [[123020000.0, 0.00010338], [123010000.0, 0.00059161], [122960000.0, 0.21164256], [122940000.0, 0.00012668], [122870000.0, 0.00014189], [122860000.0, 0.00081393], [122800000.0, 0.00047911], [122790000.0, 0.11252889], [122770000.0, 0.39020536], [122740000.0, 0.00026726]]},
{"timestamp": 1743771628249, "bids": [[122570000.0, 0.0423], [122560000.0, 0.0087105], [122550000.0, 0.3912724], [122540000.0, 0.03753343], [122520000.0, 0.00835636], [122510000.0, 0.00843128], [122500000.0, 0.10716003], [122480000.0, 0.02], [122450000.0, 4.246e-05], [122440000.0, 0.02]], "asks": [[123030000.0, 0.22400839], [123020000.0, 0.00010338], [123010000.0, 0.00059161], [122960000.0, 0.21164256], [122940000.0, 0.00012668], [122870000.0, 0.00014189], [122860000.0, 0.00081393], [122800000.0, 0.00010034], [122790000.0, 0.11252889], [122770000.0, 0.39020536]]},
{"timestamp": 1743771628388, "bids": [[122570000.0, 0.0182], [122560000.0, 0.0087105], [122550000.0, 0.3912724], [122540000.0, 0.03753343], [122520000.0, 0.00835636], [122510000.0, 0.00843128], [122500000.0, 0.10716003], [122480000.0, 0.02], [122450000.0, 4.246e-05], [122440000.0, 0.02]], "asks": [[123020000.0, 0.00010338], [123010000.0, 0.00059161], [122960000.0, 0.21164256], [122940000.0, 0.00012668], [122870000.0, 0.00014189], [122860000.0, 0.00081393], [122800000.0, 0.00010034], [122790000.0, 0.11252889], [122770000.0, 0.39020536], [122740000.0, 0.00026726]]},
{"timestamp": 1743771628502, "bids": [[122570000.0, 0.0075], [122560000.0, 0.0087105], [122550000.0, 0.3912724], [122540000.0, 0.03753343], [122520000.0, 0.00835636], [122510000.0, 0.00843128], [122500000.0, 0.10716003], [122480000.0, 0.02], [122450000.0, 4.246e-05], [122440000.0, 0.02]], "asks": [[123010000.0, 0.00059161], [122960000.0, 0.21164256], [122940000.0, 0.00012668], [122870000.0, 0.00014189], [122860000.0, 0.00081393], [122800000.0, 0.00010034], [122790000.0, 0.11252889], [122770000.0, 0.39020536], [122740000.0, 0.00026726], [122730000.0, 0.00961629]]},
{"timestamp": 1743771628730, "bids": [[122560000.0, 0.0087105], [122550000.0, 0.3912724], [122540000.0, 0.03753343], [122520000.0, 0.00835636], [122510000.0, 0.00843128], [122500000.0, 0.10716003], [122480000.0, 0.02], [122450000.0, 4.246e-05], [122440000.0, 0.02], [122430000.0, 0.00536667]], "asks": [[123010000.0, 0.00059161], [122960000.0, 0.21164256], [122940000.0, 0.00012668], [122870000.0, 0.00014189], [122860000.0, 0.00081393], [122800000.0, 0.00010034], [122790000.0, 0.11252889], [122770000.0, 0.39020536], [122740000.0, 0.00026726], [122730000.0, 0.00961629]]},
{"timestamp": 1743771628872, "bids": [[122550000.0, 0.3912724], [122540000.0, 0.03753343], [122520000.0, 0.00835636], [122510000.0, 0.00843128], [122500000.0, 0.10716003], [122480000.0, 0.02], [122450000.0, 4.246e-05], [122440000.0, 0.02], [122430000.0, 0.00536667], [122420000.0, 0.0174]], "asks": [[123030000.0, 0.22400839], [123020000.0, 0.00010338], [123010000.0, 0.00059161], [122960000.0, 0.21164256], [122940000.0, 0.00012668], [122870000.0, 0.00014189], [122860000.0, 0.00081393], [122800000.0, 0.00010034], [122790000.0, 0.11252889], [122770000.0, 0.39020536]]},
{"timestamp": 1743771629018, "bids": [[122550000.0, 0.40003738], [122540000.0, 0.03753343], [122520000.0, 0.00835636], [122510000.0, 0.00843128], [122500000.0, 0.10716003], [122480000.0, 0.02], [122450000.0, 4.246e-05], [122440000.0, 0.02], [122430000.0, 0.00536667], [122420000.0, 0.0174]], "asks": [[123030000.0, 0.22400839], [123020000.0, 0.00010338], [123010000.0, 0.00059161], [122960000.0, 0.21164256], [122940000.0, 0.00012668], [122870000.0, 0.00014189], [122860000.0, 0.00081393], [122800000.0, 0.00010034], [122790000.0, 0.11252889], [122770000.0, 0.39020536]]},
{"timestamp": 1743771629243, "bids": [[122550000.0, 0.40003738], [122540000.0, 0.03753343], [122520000.0, 0.00835636], [122510000.0, 0.00843128], [122500000.0, 0.10716003], [122480000.0, 0.02], [122450000.0, 4.246e-05], [122440000.0, 0.02], [122430000.0, 0.00536667], [122420000.0, 0.0174]], "asks": [[123020000.0, 0.00010338], [123010000.0, 0.00059161], [122960000.0, 0.21164256], [122940000.0, 0.00012668], [122870000.0, 0.00014189], [122860000.0, 0.00081393], [122800000.0, 0.00010034], [122790000.0, 0.11252889], [122770000.0, 0.39020536], [122740000.0, 0.00026726]]},
{"timestamp": 1743771629367, "bids": [[122550000.0, 0.40003738], [122540000.0, 0.03753343], [122520000.0, 0.00835636], [122510000.0, 0.00843128], [122500000.0, 0.10716003], [122480000.0, 0.02], [122450000.0, 4.246e-05], [122440000.0, 0.02], [122430000.0, 0.00536667], [122420000.0, 0.0174]], "asks": [[123010000.0, 0.00059161], [122960000.0, 0.21164256], [122940000.0, 0.00012668], [122870000.0, 0.00014189], [122860000.0, 0.00081393], [122800000.0, 0.00010034], [122790000.0, 0.11252889], [122770000.0, 0.39020536], [122740000.0, 0.00026726], [122730000.0, 0.00961629]]},
{"timestamp": 1743771629501, "bids": [[122550000.0, 0.40003738], [122540000.0, 0.03753343], [122520000.0, 0.00835636], [122510000.0, 0.00843128], [122500000.0, 0.10716003], [122480000.0, 0.02], [122450000.0, 4.246e-05], [122440000.0, 0.02], [122430000.0, 0.00536667], [122420000.0, 0.0174]], "asks": [[123020000.0, 0.00010338], [123010000.0, 0.00059161], [122960000.0, 0.21164256], [122940000.0, 0.00012668], [122870000.0, 0.00014189], [122860000.0, 0.00081393], [122800000.0, 0.00911232], [122790000.0, 0.11252889], [122770000.0, 0.39020536], [122740000.0, 0.00026726]]},
{"timestamp": 1743771629897, "bids": [[122550000.0, 0.40003738], [122540000.0, 0.03753343], [122520000.0, 0.00835636], [122510000.0, 0.00843128], [122500000.0, 0.10716003], [122480000.0, 0.02], [122450000.0, 4.246e-05], [122440000.0, 0.02], [122430000.0, 0.00536667], [122420000.0, 0.0174]], "asks": [[123020000.0, 0.00010338], [123010000.0, 0.00059161], [122960000.0, 0.21164256], [122940000.0, 0.00012668], [122870000.0, 0.00014189], [122860000.0, 0.00081393], [122800000.0, 0.00911232], [122790000.0, 0.11252889], [122770000.0, 0.39020536], [122740000.0, 0.00026726]]},
{"timestamp": 1743771630065, "bids": [[122550000.0, 0.40003738], [122540000.0, 0.03753343], [122520000.0, 0.00835636], [122510000.0, 0.00843128], [122500000.0, 0.10716003], [122480000.0, 0.02], [122450000.0, 4.246e-05], [122440000.0, 0.02], [122430000.0, 0.00536667], [122420000.0, 0.0174]], "asks": [[123010000.0, 0.00059161], [122960000.0, 0.21164256], [122940000.0, 0.00012668], [122870000.0, 0.00014189], [122860000.0, 0.00081393], [122850000.0, 0.11182437], [122800000.0, 0.00010034], [122790000.0, 0.00070452], [122780000.0, 0.38918391], [122770000.0, 0.001]]},
{"timestamp": 1743771630182, "bids": [[122560000.0, 0.00880585], [122550000.0, 0.40003738], [122540000.0, 0.03753343], [122520000.0, 0.00835636], [122510000.0, 0.00843128], [122500000.0, 0.10716003], [122480000.0, 0.02], [122450000.0, 4.246e-05], [122440000.0, 0.02], [122430000.0, 0.00536667]], "asks": [[123010000.0, 0.00059161], [122960000.0, 0.21164256], [122940000.0, 0.00012668], [122870000.0, 0.00014189], [122860000.0, 0.00081393], [122850000.0, 0.11182437], [122800000.0, 0.00010034], [122790000.0, 0.00070452], [122780000.0, 0.38918391], [122770000.0, 0.001]]},
{"timestamp": 1743771630314, "bids": [[122560000.0, 0.00880585], [122550000.0, 0.40003738], [122540000.0, 0.03753343], [122520000.0, 0.00835636], [122500000.0, 0.10716003], [122480000.0, 0.02], [122450000.0, 4.246e-05], [122440000.0, 0.02], [122430000.0, 0.00536667], [122420000.0, 0.0174]], "asks": [[123010000.0, 0.00059161], [122960000.0, 0.21164256], [122940000.0, 0.00012668], [122870000.0, 0.00014189], [122860000.0, 0.00081393], [122850000.0, 0.11182437], [122800000.0, 0.00010034], [122790000.0, 0.00070452], [122780000.0, 0.38918391], [122770000.0, 0.001]]},
{"timestamp": 1743771630525, "bids": [[122560000.0, 0.00880585], [122550000.0, 0.40003738], [122540000.0, 0.03753343], [122520000.0, 0.00835636], [122500000.0, 0.10716003], [122480000.0, 0.02], [122450000.0, 4.246e-05], [122440000.0, 0.02], [122430000.0, 0.00536667], [122420000.0, 0.0174]], "asks": [[122960000.0, 0.21164256], [122940000.0, 0.00012668], [122870000.0, 0.00014189], [122860000.0, 0.00081393], [122850000.0, 0.11182437], [122800000.0, 0.00010034], [122790000.0, 0.00070452], [122780000.0, 0.38918391], [122770000.0, 0.001], [122740000.0, 0.00026726]]},
{"timestamp": 1743771630654, "bids": [[122560000.0, 0.00880585], [122550000.0, 0.40003738], [122540000.0, 0.03753343], [122520000.0, 0.00835636], [122500000.0, 0.10716003], [122480000.0, 0.02], [122450000.0, 4.246e-05], [122440000.0, 0.02], [122430000.0, 0.00536667], [122420000.0, 0.0174]], "asks": [[122960000.0, 0.21164256], [122940000.0, 0.00012668], [122870000.0, 0.00014189], [122860000.0, 0.00081393], [122850000.0, 0.11182437], [122800000.0, 0.00010034], [122790000.0, 0.00070452], [122780000.0, 0.38918391], [122770000.0, 0.001], [122740000.0, 0.00026726]]},
{"timestamp": 1743771630885, "bids": [[122560000.0, 0.00880585], [122550000.0, 0.40003738], [122540000.0, 0.03753343], [122520000.0, 0.00835636], [122500000.0, 0.10716003], [122480000.0, 0.02], [122450000.0, 4.246e-05], [122440000.0, 0.02], [122430000.0, 0.00536667], [122420000.0, 0.0174]], "asks": [[122940000.0, 0.00012668], [122870000.0, 0.00014189], [122860000.0, 0.00081393], [122850000.0, 0.11182437], [122800000.0, 0.00010034], [122790000.0, 0.00070452], [122780000.0, 0.38918391], [122770000.0, 0.001], [122740000.0, 0.00026726], [122730000.0, 0.00961629]]},
{"timestamp": 1743771631038, "bids": [[122560000.0, 0.00880585], [122550000.0, 0.40003738], [122540000.0, 0.03753343], [122520000.0, 0.00835636], [122500000.0, 0.10716003], [122480000.0, 0.02], [122450000.0, 4.246e-05], [122440000.0, 0.02], [122430000.0, 0.00536667], [122420000.0, 0.0174]], "asks": [[122960000.0, 0.21164256], [122940000.0, 0.00012668], [122870000.0, 0.00014189], [122860000.0, 0.00081393], [122850000.0, 0.11182437], [122800000.0, 0.00010034], [122790000.0, 0.00070452], [122780000.0, 0.38918391], [122770000.0, 0.001], [122740000.0, 0.00026726]]},
{"timestamp": 1743771631145, "bids": [[122560000.0, 0.00880585], [122550000.0, 0.40003738], [122540000.0, 0.03753343], [122520000.0, 0.00835636], [122500000.0, 0.10716003], [122480000.0, 0.02], [122450000.0, 4.246e-05], [122440000.0, 0.02], [122430000.0, 0.00536667], [122420000.0, 0.0174]], "asks": [[122960000.0, 0.21164256], [122940000.0, 0.00012668], [122870000.0, 0.00014189], [122860000.0, 0.00081393], [122850000.0, 0.11182437], [122800000.0, 0.00010034], [122790000.0, 0.00070452], [122780000.0, 0.38918391], [122770000.0, 0.001], [122740000.0, 0.00026726]]},
