[
{"timestamp": 1743771599972, "bids": [[122360000.0, 0.001], [122344000.0, 0.0052], [122337000.0, 0.02435], [122235000.0, 0.0312], [122157000.0, 0.00560001], [122128000.0, 0.00040958], [122105000.0, 0.00040965], [122047000.0, 0.02718747], [122032000.0, 0.00805417], [122001000.0, 0.06600898]], "asks": [[122513000.0, 0.050467], [122514000.0, 0.00555], [122557000.0, 0.00040782], [122571000.0, 0.05], [122581000.0, 0.00040774], [122776000.0, 0.04048199], [122777000.0, 0.03007086], [122786000.0, 0.00032565], [122823000.0, 0.00600311], [122839000.0, 0.00200644]]},
{"timestamp": 1743771599972, "bids": [[122360000.0, 0.001], [122344000.0, 0.0052], [122337000.0, 0.02435], [122235000.0, 0.0312], [122157000.0, 0.00560001], [122128000.0, 0.00040958], [122105000.0, 0.00040965], [122047000.0, 0.02718747], [122032000.0, 0.00805417], [122001000.0, 0.06600898]], "asks": [[122513000.0, 0.050467], [122514000.0, 0.00555], [122557000.0, 0.00040782], [122571000.0, 0.05], [122581000.0, 0.00040774], [122776000.0, 0.04048199], [122777000.0, 0.03007086], [122786000.0, 0.00032565], [122823000.0, 0.00600311], [122839000.0, 0.00200644]]},
{"timestamp": 1743771599972, "bids": [[122360000.0, 0.001], [122344000.0, 0.0052], [122337000.0, 0.02435], [122235000.0, 0.0312], [122157000.0, 0.00560001], [122128000.0, 0.00040958], [122105000.0, 0.00040965], [122047000.0, 0.02718747], [122032000.0, 0.00805417], [122001000.0, 0.06600898]], "asks": [[122513000.0, 0.050467], [122514000.0, 0.00555], [122557000.0, 0.00040782], [122571000.0, 0.05], [122581000.0, 0.00040774], [122776000.0, 0.04048199], [122777000.0, 0.03007086], [122786000.0, 0.00032565], [122823000.0, 0.00600311], [122839000.0, 0.00200644]]},
{"timestamp": 1743771599972, "bids": [[122360000.0, 0.001], [122344000.0, 0.0052], [122337000.0, 0.02435], [122273000.0, 0.0169602], [122235000.0, 0.0312], [122157000.0, 0.00560001], [122128000.0, 0.00040958], [122105000.0, 0.00040965], [122047000.0, 0.02718747], [122032000.0, 0.00805417]], "asks": [[122513000.0, 0.050467], [122514000.0, 0.00555], [122557000.0, 0.00040782], [122571000.0, 0.05], [122581000.0, 0.00040774], [122776000.0, 0.04048199], [122777000.0, 0.03007086], [122786000.0, 0.00032565], [122823000.0, 0.00600311], [122839000.0, 0.00200644]]},
{"timestamp": 1743771599972, "bids": [[122360000.0, 0.001], [122344000.0, 0.0052], [122337000.0, 0.02435], [122273000.0, 0.0169602], [122236000.0, 0.00990233], [122235000.0, 0.0312], [122157000.0, 0.00560001], [122128000.0, 0.00040958], [122105000.0, 0.00040965], [122047000.0, 0.02718747]], "asks": [[122513000.0, 0.050467], [122514000.0, 0.00555], [122557000.0, 0.00040782], [122571000.0, 0.05], [122581000.0, 0.00040774], [122776000.0, 0.04048199], [122777000.0, 0.03007086], [122786000.0, 0.00032565], [122823000.0, 0.00600311], [122839000.0, 0.00200644]]},
{"timestamp": 1743771599972, "bids": [[122360000.0, 0.001], [122344000.0, 0.0052], [122337000.0, 0.02435], [122273000.0, 0.0169602], [122236000.0, 0.01829252], [122235000.0, 0.0312], [122157000.0, 0.00560001], [122128000.0, 0.00040958], [122105000.0, 0.00040965], [122047000.0, 0.02718747]], "asks": [[122513000.0, 0.050467], [122514000.0, 0.00555], [122557000.0, 0.00040782], [122571000.0, 0.05], [122581000.0, 0.00040774], [122776000.0, 0.04048199], [122777000.0, 0.03007086], [122786000.0, 0.00032565], [122823000.0, 0.00600311], [122839000.0, 0.00200644]]},
{"timestamp": 1743771600286, "bids": [[122503000.0, 0.00134256], [122360000.0, 0.001], [122344000.0, 0.0052], [122337000.0, 0.02435], [122273000.0, 0.0169602], [122236000.0, 0.01829252], [122235000.0, 0.0312], [122157000.0, 0.00560001], [122128000.0, 0.00040958], [122105000.0, 0.00040965]], "asks": [[122513000.0, 0.050467], [122514000.0, 0.00555], [122557000.0, 0.00040782], [122571000.0, 0.05], [122581000.0, 0.00040774], [122776000.0, 0.04048199], [122777000.0, 0.03007086], [122786000.0, 0.00032565], [122823000.0, 0.00600311], [122839000.0, 0.00200644]]},
{"timestamp": 1743771600286, "bids": [[122503000.0, 0.00134256], [122360000.0, 0.001], [122344000.0, 0.0052], [122337000.0, 0.02435], [122273000.0, 0.0169602], [122236000.0, 0.01829252], [122235000.0, 0.0312], [122157000.0, 0.00560001], [122128000.0, 0.00040958], [122105000.0, 0.00040965]], "asks": [[122513000.0, 0.050467], [122514000.0, 0.00555], [122557000.0, 0.00040782], [122571000.0, 0.05], [122581000.0, 0.00040774], [122693000.0, 0.1], [122776000.0, 0.04048199], [122777000.0, 0.03007086], [122786000.0, 0.00032565], [122823000.0, 0.00600311]]},
{"timestamp": 1743771600286, "bids": [[122503000.0, 0.00134256], [122360000.0, 0.001], [122344000.0, 0.0052], [122273000.0, 0.0169602], [122236000.0, 0.01829252], [122235000.0, 0.0312], [122157000.0, 0.00560001], [122128000.0, 0.00040958], [122105000.0, 0.00040965], [122047000.0, 0.02718747]], "asks": [[122513000.0, 0.050467], [122514000.0, 0.00555], [122557000.0, 0.00040782], [122571000.0, 0.05], [122581000.0, 0.00040774], [122693000.0, 0.1], [122776000.0, 0.04048199], [122777000.0, 0.03007086], [122786000.0, 0.00032565], [122823000.0, 0.00600311]]},
{"timestamp": 1743771600286, "bids": [[122503000.0, 0.00134256], [122360000.0, 0.001], [122344000.0, 0.0052], [122273000.0, 0.0169602], [122236000.0, 0.01829252], [122235000.0, 0.0312], [122157000.0, 0.00560001], [122128000.0, 0.00040958], [122105000.0, 0.00040965], [122047000.0, 0.02718747]], "asks": [[122513000.0, 0.050467], [122514000.0, 0.00555], [122557000.0, 0.00040782], [122571000.0, 0.05], [122581000.0, 0.00040774], [122693000.0, 0.1], [122776000.0, 0.00224861], [122777000.0, 0.03007086], [122786000.0, 0.00032565], [122823000.0, 0.00600311]]},
{"timestamp": 1743771600286, "bids": [[122503000.0, 0.00134256], [122360000.0, 0.001], [122344000.0, 0.0052], [122320000.0, 0.1], [122273000.0, 0.0169602], [122236000.0, 0.01829252], [122235000.0, 0.0312], [122157000.0, 0.00560001], [122128000.0, 0.00040958], [122105000.0, 0.00040965]], "asks": [[122513000.0, 0.050467], [122514000.0, 0.00555], [122557000.0, 0.00040782], [122571000.0, 0.05], [122581000.0, 0.00040774], [122693000.0, 0.1], [122776000.0, 0.00224861], [122777000.0, 0.03007086], [122786000.0, 0.00032565], [122823000.0, 0.00600311]]},
{"timestamp": 1743771600286, "bids": [[122503000.0, 0.00134256], [122360000.0, 0.001], [122353000.0, 0.00595], [122344000.0, 0.0052], [122320000.0, 0.1], [122273000.0, 0.0169602], [122236000.0, 0.01829252], [122235000.0, 0.0312], [122157000.0, 0.00560001], [122128000.0, 0.00040958]], "asks": [[122513000.0, 0.050467], [122514000.0, 0.00555], [122557000.0, 0.00040782], [122571000.0, 0.05], [122581000.0, 0.00040774], [122693000.0, 0.1], [122776000.0, 0.00224861], [122777000.0, 0.03007086], [122786000.0, 0.00032565], [122823000.0, 0.00600311]]},
{"timestamp": 1743771600545, "bids": [[122503000.0, 0.00134256], [122360000.0, 0.001], [122353000.0, 0.00595], [122344000.0, 0.0052], [122320000.0, 0.1], [122273000.0, 0.0169602], [122236000.0, 0.00990233], [122235000.0, 0.0312], [122157000.0, 0.00560001], [122128000.0, 0.00040958]], "asks": [[122513000.0, 0.050467], [122514000.0, 0.00555], [122557000.0, 0.00040782], [122571000.0, 0.05], [122581000.0, 0.00040774], [122693000.0, 0.1], [122776000.0, 0.00224861], [122777000.0, 0.03007086], [122786000.0, 0.00032565], [122823000.0, 0.00600311]]},
{"timestamp": 1743771600545, "bids": [[122503000.0, 0.00134256], [122360000.0, 0.001], [122353000.0, 0.00595], [122344000.0, 0.0052], [122273000.0, 0.0169602], [122236000.0, 0.00990233], [122235000.0, 0.0312], [122157000.0, 0.00560001], [122128000.0, 0.00040958], [122105000.0, 0.00040965]], "asks": [[122513000.0, 0.050467], [122514000.0, 0.00555], [122557000.0, 0.00040782], [122571000.0, 0.05], [122581000.0, 0.00040774], [122693000.0, 0.1], [122776000.0, 0.00224861], [122777000.0, 0.03007086], [122786000.0, 0.00032565], [122823000.0, 0.00600311]]},
{"timestamp": 1743771600545, "bids": [[122503000.0, 0.00134256], [122360000.0, 0.001], [122353000.0, 0.00595], [122344000.0, 0.0052], [122273000.0, 0.0169602], [122236000.0, 0.00990233], [122235000.0, 0.0312], [122157000.0, 0.00560001], [122128000.0, 0.00040958], [122105000.0, 0.00040965]], "asks": [[122513000.0, 0.050467], [122514000.0, 0.00555], [122557000.0, 0.00040782], [122571000.0, 0.05], [122581000.0, 0.00040774], [122693000.0, 0.1], [122776000.0, 0.00219102], [122777000.0, 0.03007086], [122786000.0, 0.00032565], [122823000.0, 0.00600311]]},
{"timestamp": 1743771600545, "bids": [[122503000.0, 0.00134256], [122360000.0, 0.001], [122353000.0, 0.00595], [122344000.0, 0.0052], [122273000.0, 0.0169602], [122236000.0, 0.00990233], [122235000.0, 0.0312], [122157000.0, 0.00560001], [122128000.0, 0.00040958], [122105000.0, 0.00040965]], "asks": [[122513000.0, 0.050467], [122514000.0, 0.00555], [122557000.0, 0.00040782], [122571000.0, 0.05], [122581000.0, 0.00040774], [122693000.0, 0.1], [122776000.0, 0.00219102], [122777000.0, 0.03007086], [122786000.0, 0.00032565], [122823000.0, 0.00600311]]},
{"timestamp": 1743771600545, "bids": [[122503000.0, 0.00134256], [122360000.0, 0.001], [122353000.0, 0.00595], [122344000.0, 0.0052], [122273000.0, 0.0169602], [122236000.0, 0.00990233], [122235000.0, 0.0312], [122157000.0, 0.00560001], [122128000.0, 0.00040958], [122105000.0, 0.00040965]], "asks": [[122513000.0, 0.050467], [122514000.0, 0.00555], [122557000.0, 0.00040782], [122571000.0, 0.05], [122581000.0, 0.00040774], [122693000.0, 0.1], [122777000.0, 0.03007086], [122786000.0, 0.00032565], [122823000.0, 0.00600311], [122839000.0, 0.00200644]]},
{"timestamp": 1743771600545, "bids": [[122503000.0, 0.00134256], [122360000.0, 0.001], [122353000.0, 0.00595], [122344000.0, 0.0052], [122273000.0, 0.0169602], [122236000.0, 0.00990233], [122235000.0, 0.0312], [122157000.0, 0.00560001], [122128000.0, 0.00040958], [122105000.0, 0.00040965]], "asks": [[122513000.0, 0.050467], [122514000.0, 0.00555], [122536000.0, 0.0246], [122557000.0, 0.00040782], [122571000.0, 0.05], [122581000.0, 0.00040774], [122693000.0, 0.1], [122777000.0, 0.03007086], [122786000.0, 0.00032565], [122823000.0, 0.00600311]]},
{"timestamp": 1743771600545, "bids": [[122503000.0, 0.00134256], [122360000.0, 0.001], [122353000.0, 0.00595], [122344000.0, 0.0052], [122332000.0, 0.0654], [122273000.0, 0.0169602], [122236000.0, 0.00990233], [122235000.0, 0.0312], [122157000.0, 0.00560001], [122128000.0, 0.00040958]], "asks": [[122513000.0, 0.050467], [122514000.0, 0.00555], [122536000.0, 0.0246], [122557000.0, 0.00040782], [122571000.0, 0.05], [122581000.0, 0.00040774], [122693000.0, 0.1], [122777000.0, 0.03007086], [122786000.0, 0.00032565], [122823000.0, 0.00600311]]},
{"timestamp": 1743771600545, "bids": [[122503000.0, 0.00134256], [122360000.0, 0.001], [122353000.0, 0.00595], [122344000.0, 0.0052], [122332000.0, 0.0654], [122273000.0, 0.0169602], [122236000.0, 0.00990233], [122235000.0, 0.0312], [122157000.0, 0.00560001], [122128000.0, 0.00040958]], "asks": [[122513000.0, 0.050467], [122514000.0, 0.00555], [122536000.0, 0.0246], [122557000.0, 0.00040782], [122571000.0, 0.05], [122581000.0, 0.00040774], [122693000.0, 0.1], [122777000.0, 0.03007086], [122786000.0, 0.00032565], [122823000.0, 0.00600311]]},
{"timestamp": 1743771600545, "bids": [[122503000.0, 0.00134256], [122360000.0, 0.001], [122353000.0, 0.00595], [122344000.0, 0.0052], [122332000.0, 0.0654], [122273000.0, 0.0169602], [122235000.0, 0.0312], [122157000.0, 0.00560001], [122128000.0, 0.00040958], [122105000.0, 0.00040965]], "asks": [[122513000.0, 0.050467], [122514000.0, 0.00555], [122536000.0, 0.0246], [122557000.0, 0.00040782], [122571000.0, 0.05], [122581000.0, 0.00040774], [122693000.0, 0.1], [122777000.0, 0.03007086], [122786000.0, 0.00032565], [122823000.0, 0.00600311]]},
{"timestamp": 1743771600848, "bids": [[122503000.0, 0.00134256], [122360000.0, 0.001], [122353000.0, 0.00595], [122344000.0, 0.0052], [122332000.0, 0.0654], [122273000.0, 0.0169602], [122235000.0, 0.0312], [122157000.0, 0.00560001], [122128000.0, 0.00040958], [122105000.0, 0.00040965]], "asks": [[122513000.0, 0.050467], [122514000.0, 0.00555], [122536000.0, 0.0246], [122557000.0, 0.00040782], [122571000.0, 0.05], [122581000.0, 0.00040774], [122693000.0, 0.1], [122777000.0, 0.03007086], [122786000.0, 0.00032565], [122823000.0, 0.00600311]]},
{"timestamp": 1743771600848, "bids": [[122503000.0, 0.00134256], [122360000.0, 0.001], [122353000.0, 0.00595], [122344000.0, 0.0052], [122332000.0, 0.0654], [122273000.0, 0.0169602], [122235000.0, 0.0312], [122157000.0, 0.00560001], [122128000.0, 0.00040958], [122105000.0, 0.00040965]], "asks": [[122513000.0, 0.050467], [122514000.0, 0.00555], [122536000.0, 0.0246], [122557000.0, 0.00040782], [122571000.0, 0.05], [122581000.0, 0.00040774], [122693000.0, 0.1], [122777000.0, 0.03007086], [122786000.0, 0.00032565], [122823000.0, 0.00600311]]},
{"timestamp": 1743771600848, "bids": [[122503000.0, 0.00134256], [122360000.0, 0.001], [122353000.0, 0.00595], [122344000.0, 0.0052], [122332000.0, 0.0654], [122273000.0, 0.0169602], [122235000.0, 0.0312], [122157000.0, 0.00560001], [122128000.0, 0.00040958], [122105000.0, 0.00040965]], "asks": [[122513000.0, 0.050467], [122514000.0, 0.00555], [122536000.0, 0.0246], [122557000.0, 0.00040782], [122571000.0, 0.05], [122581000.0, 0.00040774], [122692000.0, 0.01988624], [122693000.0, 0.1], [122777000.0, 0.03007086], [122786000.0, 0.00032565]]},
{"timestamp": 1743771601114, "bids": [[122503000.0, 0.00134256], [122360000.0, 0.001], [122353000.0, 0.00595], [122344000.0, 0.0052], [122332000.0, 0.0654], [122273000.0, 0.0169602], [122235000.0, 0.0312], [122157000.0, 0.00560001], [122128000.0, 0.00040958], [122105000.0, 0.00040965]], "asks": [[122513000.0, 0.050467], [122514000.0, 0.00555], [122536000.0, 0.0246], [122557000.0, 0.00040782], [122571000.0, 0.05], [122579000.0, 0.0817631], [122581000.0, 0.00040774], [122692000.0, 0.01988624], [122693000.0, 0.1], [122777000.0, 0.03007086]]},
{"timestamp": 1743771601114, "bids": [[122503000.0, 0.00134256], [122360000.0, 0.001], [122353000.0, 0.00595], [122344000.0, 0.0052], [122332000.0, 0.0654], [122273000.0, 0.0169602], [122235000.0, 0.0312], [122157000.0, 0.00560001], [122128000.0, 0.00040958], [122105000.0, 0.00040965]], "asks": [[122513000.0, 0.050467], [122514000.0, 0.00555], [122536000.0, 0.0246], [122557000.0, 0.00040782], [122571000.0, 0.05], [122579000.0, 0.0817631], [122581000.0, 0.00040774], [122692000.0, 0.02207192], [122693000.0, 0.1], [122777000.0, 0.03007086]]},
{"timestamp": 1743771601114, "bids": [[122503000.0, 0.00134256], [122360000.0, 0.001], [122353000.0, 0.00595], [122344000.0, 0.0052], [122332000.0, 0.0654], [122273000.0, 0.0169602], [122235000.0, 0.0312], [122157000.0, 0.00560001], [122128000.0, 0.00040958], [122105000.0, 0.00040965]], "asks": [[122513000.0, 0.050467], [122514000.0, 0.00555], [122536000.0, 0.0246], [122557000.0, 0.00040782], [122571000.0, 0.05], [122579000.0, 0.0817631], [122581000.0, 0.00040774], [122692000.0, 0.02207192], [122693000.0, 0.1], [122776000.0, 0.03308729]]},
{"timestamp": 1743771601114, "bids": [[122503000.0, 0.00134256], [122360000.0, 0.001], [122353000.0, 0.00595], [122344000.0, 0.0052], [122273000.0, 0.0169602], [122235000.0, 0.0312], [122157000.0, 0.00560001], [122128000.0, 0.00040958], [122105000.0, 0.00040965], [122047000.0, 0.02718747]], "asks": [[122513000.0, 0.050467], [122514000.0, 0.00555], [122536000.0, 0.0246], [122557000.0, 0.00040782], [122571000.0, 0.05], [122579000.0, 0.0817631], [122581000.0, 0.00040774], [122692000.0, 0.02207192], [122693000.0, 0.1], [122776000.0, 0.03308729]]},
{"timestamp": 1743771601114, "bids": [[122503000.0, 0.00134256], [122360000.0, 0.001], [122353000.0, 0.00595], [122344000.0, 0.0052], [122273000.0, 0.0169602], [122235000.0, 0.0312], [122157000.0, 0.00560001], [122128000.0, 0.00040958], [122105000.0, 0.00040965], [122047000.0, 0.02718747]], "asks": [[122513000.0, 0.050467], [122514000.0, 0.00555], [122536000.0, 0.0246], [122557000.0, 0.00040782], [122571000.0, 0.05], [122579000.0, 0.0817631], [122581000.0, 0.00040774], [122692000.0, 0.02207192], [122693000.0, 0.1], [122776000.0, 0.03308729]]},
{"timestamp": 1743771601114, "bids": [[122503000.0, 0.00134256], [122360000.0, 0.001], [122353000.0, 0.00595], [122344000.0, 0.0052], [122273000.0, 0.0169602], [122235000.0, 0.0312], [122128000.0, 0.00040958], [122105000.0, 0.00040965], [122047000.0, 0.02718747], [122032000.0, 0.00805417]], "asks": [[122513000.0, 0.050467], [122514000.0, 0.00555], [122536000.0, 0.0246], [122557000.0, 0.00040782], [122571000.0, 0.05], [122579000.0, 0.0817631], [122581000.0, 0.00040774], [122692000.0, 0.02207192], [122693000.0, 0.1], [122776000.0, 0.03308729]]},
{"timestamp": 1743771601368, "bids": [[122503000.0, 0.00134256], [122360000.0, 0.001], [122353000.0, 0.00595], [122344000.0, 0.0052], [122273000.0, 0.0169602], [122235000.0, 0.0312], [122128000.0, 0.00040958], [122105000.0, 0.00040965], [122047000.0, 0.02718747], [122032000.0, 0.00805417]], "asks": [[122513000.0, 0.050467], [122514000.0, 0.00555], [122536000.0, 0.0246], [122557000.0, 0.00040782], [122571000.0, 0.05], [122579000.0, 0.0817631], [122581000.0, 0.00040774], [122692000.0, 0.00218568], [122693000.0, 0.1], [122776000.0, 0.03308729]]},
{"timestamp": 1743771601368, "bids": [[122503000.0, 0.00134256], [122360000.0, 0.001], [122353000.0, 0.00595], [122344000.0, 0.0052], [122274000.0, 0.02753557], [122273000.0, 0.0169602], [122235000.0, 0.0312], [122128000.0, 0.00040958], [122105000.0, 0.00040965], [122047000.0, 0.02718747]], "asks": [[122513000.0, 0.050467], [122514000.0, 0.00555], [122536000.0, 0.0246], [122557000.0, 0.00040782], [122571000.0, 0.05], [122579000.0, 0.0817631], [122581000.0, 0.00040774], [122692000.0, 0.00218568], [122693000.0, 0.1], [122776000.0, 0.03308729]]},
{"timestamp": 1743771601368, "bids": [[122503000.0, 0.00134256], [122360000.0, 0.001], [122353000.0, 0.00595], [122344000.0, 0.0052], [122274000.0, 0.0276351], [122273000.0, 0.0169602], [122235000.0, 0.0312], [122128000.0, 0.00040958], [122105000.0, 0.00040965], [122047000.0, 0.02718747]], "asks": [[122513000.0, 0.050467], [122514000.0, 0.00555], [122536000.0, 0.0246], [122557000.0, 0.00040782], [122571000.0, 0.05], [122579000.0, 0.0817631], [122581000.0, 0.00040774], [122692000.0, 0.00218568], [122693000.0, 0.1], [122776000.0, 0.03308729]]},
{"timestamp": 1743771601368, "bids": [[122503000.0, 0.00134256], [122360000.0, 0.001], [122353000.0, 0.00595], [122344000.0, 0.0052], [122274000.0, 0.0276351], [122273000.0, 0.0169602], [122235000.0, 0.0312], [122128000.0, 0.00040958], [122105000.0, 0.00040965], [122048000.0, 0.03]], "asks": [[122513000.0, 0.050467], [122514000.0, 0.00555], [122536000.0, 0.0246], [122557000.0, 0.00040782], [122571000.0, 0.05], [122579000.0, 0.0817631], [122581000.0, 0.00040774], [122692000.0, 0.00218568], [122693000.0, 0.1], [122776000.0, 0.03308729]]},
{"timestamp": 1743771601368, "bids": [[122503000.0, 0.00134256], [122360000.0, 0.001], [122353000.0, 0.00595], [122344000.0, 0.0052], [122274000.0, 0.0276351], [122273000.0, 0.0169602], [122235000.0, 0.0312], [122128000.0, 0.00040958], [122105000.0, 0.00040965], [122048000.0, 0.03]], "asks": [[122513000.0, 0.050467], [122514000.0, 0.00555], [122536000.0, 0.0246], [122557000.0, 0.00040782], [122571000.0, 0.05], [122581000.0, 0.00040774], [122692000.0, 0.00218568], [122693000.0, 0.1], [122776000.0, 0.03308729], [122777000.0, 0.03007086]]},
{"timestamp": 1743771601368, "bids": [[122503000.0, 0.00134256], [122360000.0, 0.001], [122353000.0, 0.00595], [122344000.0, 0.0052], [122274000.0, 0.0276351], [122273000.0, 0.0169602], [122235000.0, 0.0312], [122128000.0, 0.00040958], [122105000.0, 0.00040965], [122048000.0, 0.03]], "asks": [[122513000.0, 0.050467], [122514000.0, 0.00555], [122536000.0, 0.0246], [122557000.0, 0.00040782], [122571000.0, 0.05], [122581000.0, 0.00040774], [122692000.0, 0.00218568], [122693000.0, 0.1], [122776000.0, 0.03308729], [122777000.0, 0.03007086]]},
{"timestamp": 1743771601599, "bids": [[122503000.0, 0.00134256], [122360000.0, 0.001], [122353000.0, 0.00595], [122344000.0, 0.0052], [122274000.0, 0.0276351], [122273000.0, 0.0169602], [122235000.0, 0.0312], [122224000.0, 0.0056828], [122128000.0, 0.00040958], [122105000.0, 0.00040965]], "asks": [[122513000.0, 0.050467], [122514000.0, 0.00555], [122536000.0, 0.0246], [122557000.0, 0.00040782], [122571000.0, 0.05], [122581000.0, 0.00040774], [122692000.0, 0.00218568], [122693000.0, 0.1], [122776000.0, 0.03308729], [122777000.0, 0.03007086]]},
{"timestamp": 1743771601599, "bids": [[122503000.0, 0.00134256], [122360000.0, 0.001], [122353000.0, 0.00595], [122344000.0, 0.0052], [122274000.0, 0.0276351], [122273000.0, 0.0169602], [122235000.0, 0.0312], [122224000.0, 0.0056828], [122128000.0, 0.00040958], [122105000.0, 0.00040965]], "asks": [[122514000.0, 0.00555], [122536000.0, 0.0246], [122557000.0, 0.00040782], [122571000.0, 0.05], [122581000.0, 0.00040774], [122692000.0, 0.00218568], [122693000.0, 0.1], [122776000.0, 0.03308729], [122777000.0, 0.03007086], [122786000.0, 0.00032565]]},
{"timestamp": 1743771601599, "bids": [[122503000.0, 0.00134256], [122360000.0, 0.001], [122353000.0, 0.00595], [122344000.0, 0.0052], [122274000.0, 0.02753557], [122273000.0, 0.0169602], [122235000.0, 0.0312], [122224000.0, 0.0056828], [122128000.0, 0.00040958], [122105000.0, 0.00040965]], "asks": [[122514000.0, 0.00555], [122536000.0, 0.0246], [122557000.0, 0.00040782], [122571000.0, 0.05], [122581000.0, 0.00040774], [122692000.0, 0.00218568], [122693000.0, 0.1], [122776000.0, 0.03308729], [122777000.0, 0.03007086], [122786000.0, 0.00032565]]},
{"timestamp": 1743771601599, "bids": [[122503000.0, 0.00134256], [122360000.0, 0.001], [122353000.0, 0.00595], [122344000.0, 0.0052], [122274000.0, 0.02753557], [122273000.0, 0.0169602], [122235000.0, 0.0312], [122224000.0, 0.0056828], [122128000.0, 0.00040958], [122105000.0, 0.00040965]], "asks": [[122514000.0, 0.00555], [122536000.0, 0.0246], [122557000.0, 0.00040782], [122571000.0, 0.05], [122581000.0, 0.00040774], [122692000.0, 0.00218568], [122693000.0, 0.1], [122776000.0, 0.03308729], [122777000.0, 0.03007086], [122786000.0, 0.00032565]]},
{"timestamp": 1743771601599, "bids": [[122503000.0, 0.00134256], [122360000.0, 0.001], [122353000.0, 0.00595], [122344000.0, 0.0052], [122273000.0, 0.0169602], [122235000.0, 0.0312], [122224000.0, 0.0056828], [122128000.0, 0.00040958], [122105000.0, 0.00040965], [122048000.0, 0.03]], "asks": [[122514000.0, 0.00555], [122536000.0, 0.0246], [122557000.0, 0.00040782], [122571000.0, 0.05], [122581000.0, 0.00040774], [122692000.0, 0.00218568], [122693000.0, 0.1], [122776000.0, 0.03308729], [122777000.0, 0.03007086], [122786000.0, 0.00032565]]},
{"timestamp": 1743771601599, "bids": [[122503000.0, 0.00134256], [122360000.0, 0.001], [122353000.0, 0.00595], [122344000.0, 0.0052], [122273000.0, 0.0169602], [122235000.0, 0.0312], [122224000.0, 0.0056828], [122128000.0, 0.00040958], [122105000.0, 0.00040965], [122048000.0, 0.03]], "asks": [[122514000.0, 0.00555], [122557000.0, 0.00040782], [122571000.0, 0.05], [122581000.0, 0.00040774], [122692000.0, 0.00218568], [122693000.0, 0.1], [122776000.0, 0.03308729], [122777000.0, 0.03007086], [122786000.0, 0.00032565], [122839000.0, 0.00200644]]},
{"timestamp": 1743771601599, "bids": [[122503000.0, 0.00134256], [122360000.0, 0.001], [122353000.0, 0.00595], [122344000.0, 0.0052], [122273000.0, 0.0169602], [122235000.0, 0.0312], [122224000.0, 0.0056828], [122128000.0, 0.00040958], [122105000.0, 0.00040965], [122048000.0, 0.03]], "asks": [[122514000.0, 0.00555], [122557000.0, 0.00040782], [122581000.0, 0.00040774], [122692000.0, 0.00218568], [122693000.0, 0.1], [122776000.0, 0.03308729], [122777000.0, 0.03007086], [122786000.0, 0.00032565], [122839000.0, 0.00200644], [122890000.0, 0.00625391]]},
{"timestamp": 1743771601868, "bids": [[122503000.0, 0.00134256], [122360000.0, 0.001], [122353000.0, 0.00595], [122344000.0, 0.0052], [122273000.0, 0.0169602], [122235000.0, 0.0312], [122224000.0, 0.0056828], [122128000.0, 0.00040958], [122105000.0, 0.00040965], [122048000.0, 0.03]], "asks": [[122514000.0, 0.00555], [122557000.0, 0.00040782], [122581000.0, 0.00040774], [122692000.0, 0.00218568], [122693000.0, 0.1], [122776000.0, 0.03308729], [122777000.0, 0.03007086], [122786000.0, 0.00032565], [122839000.0, 0.00200644], [122890000.0, 0.00625391]]},
{"timestamp": 1743771602127, "bids": [[122503000.0, 0.00134256], [122360000.0, 0.001], [122353000.0, 0.00595], [122344000.0, 0.0052], [122235000.0, 0.0312], [122224000.0, 0.0056828], [122128000.0, 0.00040958], [122105000.0, 0.00040965], [122048000.0, 0.03], [122047000.0, 0.02718747]], "asks": [[122514000.0, 0.00555], [122557000.0, 0.00040782], [122581000.0, 0.00040774], [122692000.0, 0.00218568], [122693000.0, 0.1], [122776000.0, 0.03308729], [122777000.0, 0.03007086], [122786000.0, 0.00032565], [122839000.0, 0.00200644], [122890000.0, 0.00625391]]},
{"timestamp": 1743771602127, "bids": [[122503000.0, 0.00134256], [122360000.0, 0.001], [122353000.0, 0.00595], [122344000.0, 0.0052], [122235000.0, 0.0312], [122224000.0, 0.0056828], [122128000.0, 0.00040958], [122105000.0, 0.00040965], [122048000.0, 0.03], [122047000.0, 0.02718747]], "asks": [[122514000.0, 0.00555], [122557000.0, 0.00040782], [122581000.0, 0.00040774], [122692000.0, 0.00218568], [122693000.0, 0.1], [122776000.0, 0.03308729], [122777000.0, 0.03007086], [122786000.0, 0.00032565], [122839000.0, 0.00200644], [122890000.0, 0.00625391]]},
{"timestamp": 1743771602127, "bids": [[122503000.0, 0.00134256], [122360000.0, 0.001], [122353000.0, 0.00595], [122344000.0, 0.0052], [122235000.0, 0.0312], [122224000.0, 0.0056828], [122129000.0, 0.00805112], [122128000.0, 0.00040958], [122105000.0, 0.00040965], [122048000.0, 0.03]], "asks": [[122514000.0, 0.00555], [122557000.0, 0.00040782], [122581000.0, 0.00040774], [122692000.0, 0.00218568], [122693000.0, 0.1], [122776000.0, 0.03308729], [122777000.0, 0.03007086], [122786000.0, 0.00032565], [122839000.0, 0.00200644], [122890000.0, 0.00625391]]},
{"timestamp": 1743771602127, "bids": [[122503000.0, 0.00134256], [122360000.0, 0.001], [122353000.0, 0.00595], [122344000.0, 0.0052], [122235000.0, 0.0312], [122224000.0, 0.0056828], [122129000.0, 0.00805112], [122128000.0, 0.00040958], [122105000.0, 0.00040965], [122048000.0, 0.03]], "asks": [[122514000.0, 0.00555], [122557000.0, 0.00040782], [122581000.0, 0.00040774], [122692000.0, 0.04041499], [122693000.0, 0.1], [122776000.0, 0.03308729], [122777000.0, 0.03007086], [122786000.0, 0.00032565], [122839000.0, 0.00200644], [122890000.0, 0.00625391]]},
{"timestamp": 1743771602366, "bids": [[122503000.0, 0.00134256], [122360000.0, 0.001], [122353000.0, 0.00595], [122344000.0, 0.0052], [122235000.0, 0.0312], [122224000.0, 0.0056828], [122129000.0, 0.00805112], [122128000.0, 0.00040958], [122105000.0, 0.00040965], [122048000.0, 0.03]], "asks": [[122514000.0, 0.00555], [122527000.0, 0.050467], [122557000.0, 0.00040782], [122581000.0, 0.00040774], [122692000.0, 0.04041499], [122693000.0, 0.1], [122776000.0, 0.03308729], [122777000.0, 0.03007086], [122786000.0, 0.00032565], [122839000.0, 0.00200644]]},
{"timestamp": 1743771602366, "bids": [[122503000.0, 0.00134256], [122360000.0, 0.001], [122353000.0, 0.00595], [122344000.0, 0.0052], [122235000.0, 0.0312], [122224000.0, 0.0056828], [122129000.0, 0.00805112], [122128000.0, 0.00040958], [122105000.0, 0.00040965], [122048000.0, 0.03]], "asks": [[122514000.0, 0.00555], [122527000.0, 0.050467], [122548000.0, 0.02345], [122557000.0, 0.00040782], [122581000.0, 0.00040774], [122692000.0, 0.04041499], [122693000.0, 0.1], [122776000.0, 0.03308729], [122777000.0, 0.03007086], [122786000.0, 0.00032565]]},
{"timestamp": 1743771602690, "bids": [[122503000.0, 0.00134256], [122360000.0, 0.001], [122353000.0, 0.00595], [122344000.0, 0.0052], [122236000.0, 0.0022847], [122235000.0, 0.0312], [122224000.0, 0.0056828], [122129000.0, 0.00805112], [122128000.0, 0.00040958], [122105000.0, 0.00040965]], "asks": [[122514000.0, 0.00555], [122527000.0, 0.050467], [122548000.0, 0.02345], [122557000.0, 0.00040782], [122581000.0, 0.00040774], [122692000.0, 0.04041499], [122693000.0, 0.1], [122776000.0, 0.03308729], [122777000.0, 0.03007086], [122786000.0, 0.00032565]]},
{"timestamp": 1743771602690, "bids": [[122503000.0, 0.00134256], [122360000.0, 0.001], [122353000.0, 0.00595], [122345000.0, 0.00850561], [122344000.0, 0.0052], [122236000.0, 0.0022847], [122235000.0, 0.0312], [122224000.0, 0.0056828], [122129000.0, 0.00805112], [122128000.0, 0.00040958]], "asks": [[122514000.0, 0.00555], [122527000.0, 0.050467], [122548000.0, 0.02345], [122557000.0, 0.00040782], [122581000.0, 0.00040774], [122692000.0, 0.04041499], [122693000.0, 0.1], [122776000.0, 0.03308729], [122777000.0, 0.03007086], [122786000.0, 0.00032565]]},
{"timestamp": 1743771602690, "bids": [[122503000.0, 0.00134256], [122360000.0, 0.001], [122353000.0, 0.00595], [122345000.0, 0.00850561], [122344000.0, 0.0052], [122236000.0, 0.0022847], [122235000.0, 0.0312], [122224000.0, 0.0056828], [122129000.0, 0.00805112], [122128000.0, 0.00040958]], "asks": [[122514000.0, 0.00555], [122527000.0, 0.050467], [122548000.0, 0.02345], [122557000.0, 0.00040782], [122581000.0, 0.00040774], [122692000.0, 0.00218568], [122693000.0, 0.1], [122776000.0, 0.03308729], [122777000.0, 0.03007086], [122786000.0, 0.00032565]]},
{"timestamp": 1743771602690, "bids": [[122503000.0, 0.00134256], [122360000.0, 0.001], [122353000.0, 0.00595], [122345000.0, 0.00850561], [122344000.0, 0.0052], [122236000.0, 0.0022847], [122235000.0, 0.0312], [122224000.0, 0.0056828], [122129000.0, 0.00805112], [122128000.0, 0.00040958]], "asks": [[122514000.0, 0.00555], [122548000.0, 0.02345], [122557000.0, 0.00040782], [122581000.0, 0.00040774], [122692000.0, 0.00218568], [122693000.0, 0.1], [122776000.0, 0.03308729], [122777000.0, 0.03007086], [122786000.0, 0.00032565], [122839000.0, 0.00200644]]},
{"timestamp": 1743771602690, "bids": [[122503000.0, 0.00134256], [122360000.0, 0.001], [122353000.0, 0.00595], [122345000.0, 0.00850561], [122344000.0, 0.0052], [122236000.0, 0.0022847], [122235000.0, 0.0312], [122224000.0, 0.0056828], [122129000.0, 0.00805112], [122128000.0, 0.00040958]], "asks": [[122514000.0, 0.00555], [122548000.0, 0.02345], [122557000.0, 0.00040782], [122581000.0, 0.00040774], [122656000.0, 0.05], [122692000.0, 0.00218568], [122693000.0, 0.1], [122776000.0, 0.03308729], [122777000.0, 0.03007086], [122786000.0, 0.00032565]]},
{"timestamp": 1743771602690, "bids": [[122503000.0, 0.00134256], [122380000.0, 0.0654], [122360000.0, 0.001], [122353000.0, 0.00595], [122345000.0, 0.00850561], [122344000.0, 0.0052], [122236000.0, 0.0022847], [122235000.0, 0.0312], [122224000.0, 0.0056828], [122129000.0, 0.00805112]], "asks": [[122514000.0, 0.00555], [122548000.0, 0.02345], [122557000.0, 0.00040782], [122581000.0, 0.00040774], [122656000.0, 0.05], [122692000.0, 0.00218568], [122693000.0, 0.1], [122776000.0, 0.03308729], [122777000.0, 0.03007086], [122786000.0, 0.00032565]]},
{"timestamp": 1743771602884, "bids": [[122503000.0, 0.00134256], [122380000.0, 0.0654], [122360000.0, 0.001], [122353000.0, 0.00595], [122345000.0, 0.00850561], [122344000.0, 0.0052], [122236000.0, 0.0022847], [122235000.0, 0.0312], [122224000.0, 0.0056828], [122129000.0, 0.00805112]], "asks": [[122514000.0, 0.00555], [122548000.0, 0.02345], [122557000.0, 0.00040782], [122581000.0, 0.00040774], [122609000.0, 0.0817631], [122656000.0, 0.05], [122692000.0, 0.00218568], [122693000.0, 0.1], [122776000.0, 0.03308729], [122777000.0, 0.03007086]]},
{"timestamp": 1743771602884, "bids": [[122503000.0, 0.00134256], [122380000.0, 0.0654], [122360000.0, 0.001], [122353000.0, 0.00595], [122345000.0, 0.00850561], [122344000.0, 0.0052], [122235000.0, 0.0312], [122224000.0, 0.0056828], [122129000.0, 0.00805112], [122128000.0, 0.00040958]], "asks": [[122514000.0, 0.00555], [122548000.0, 0.02345], [122557000.0, 0.00040782], [122581000.0, 0.00040774], [122609000.0, 0.0817631], [122656000.0, 0.05], [122692000.0, 0.00218568], [122693000.0, 0.1], [122776000.0, 0.03308729], [122777000.0, 0.03007086]]},
{"timestamp": 1743771602884, "bids": [[122503000.0, 0.00134256], [122380000.0, 0.0654], [122360000.0, 0.001], [122353000.0, 0.00595], [122345000.0, 0.00850561], [122344000.0, 0.0052], [122235000.0, 0.0312], [122224000.0, 0.0056828], [122129000.0, 0.00805112], [122128000.0, 0.00040958]], "asks": [[122514000.0, 0.00555], [122548000.0, 0.02345], [122557000.0, 0.00040782], [122581000.0, 0.00040774], [122609000.0, 0.0817631], [122656000.0, 0.05], [122693000.0, 0.1], [122776000.0, 0.03308729], [122777000.0, 0.03007086], [122786000.0, 0.00032565]]},
{"timestamp": 1743771602884, "bids": [[122503000.0, 0.00134256], [122380000.0, 0.0654], [122360000.0, 0.001], [122353000.0, 0.00595], [122345000.0, 0.00850561], [122344000.0, 0.0052], [122235000.0, 0.0312], [122224000.0, 0.0056828], [122129000.0, 0.00805112], [122128000.0, 0.00040958]], "asks": [[122548000.0, 0.02345], [122557000.0, 0.00040782], [122581000.0, 0.00040774], [122609000.0, 0.0817631], [122656000.0, 0.05], [122693000.0, 0.1], [122776000.0, 0.03308729], [122777000.0, 0.03007086], [122786000.0, 0.00032565], [122839000.0, 0.00200644]]},
{"timestamp": 1743771603151, "bids": [[122503000.0, 0.00134256], [122380000.0, 0.0654], [122360000.0, 0.001], [122353000.0, 0.00595], [122345000.0, 0.00850561], [122344000.0, 0.0052], [122235000.0, 0.0312], [122224000.0, 0.0056828], [122129000.0, 0.00805112], [122128000.0, 0.00040958]], "asks": [[122548000.0, 0.02345], [122557000.0, 0.00040782], [122581000.0, 0.00040774], [122609000.0, 0.0817631], [122655000.0, 0.00219119], [122656000.0, 0.05], [122693000.0, 0.1], [122776000.0, 0.03308729], [122777000.0, 0.03007086], [122786000.0, 0.00032565]]},
{"timestamp": 1743771603151, "bids": [[122503000.0, 0.00134256], [122380000.0, 0.0654], [122360000.0, 0.001], [122353000.0, 0.00595], [122345000.0, 0.00850561], [122344000.0, 0.0052], [122235000.0, 0.0312], [122224000.0, 0.0056828], [122129000.0, 0.00805112], [122128000.0, 0.00040958]], "asks": [[122557000.0, 0.00040782], [122581000.0, 0.00040774], [122609000.0, 0.0817631], [122655000.0, 0.00219119], [122656000.0, 0.05], [122693000.0, 0.1], [122776000.0, 0.03308729], [122777000.0, 0.03007086], [122786000.0, 0.00032565], [122839000.0, 0.00200644]]},
{"timestamp": 1743771603428, "bids": [[122503000.0, 0.00134256], [122380000.0, 0.0654], [122360000.0, 0.001], [122353000.0, 0.00595], [122345000.0, 0.00850561], [122344000.0, 0.0052], [122235000.0, 0.0312], [122224000.0, 0.0056828], [122129000.0, 0.00805112], [122128000.0, 0.00040958]], "asks": [[122529000.0, 0.050467], [122557000.0, 0.00040782], [122581000.0, 0.00040774], [122609000.0, 0.0817631], [122655000.0, 0.00219119], [122656000.0, 0.05], [122693000.0, 0.1], [122776000.0, 0.03308729], [122777000.0, 0.03007086], [122786000.0, 0.00032565]]},
{"timestamp": 1743771603428, "bids": [[122503000.0, 0.00134256], [122380000.0, 0.0654], [122360000.0, 0.001], [122353000.0, 0.00595], [122345000.0, 0.00850561], [122344000.0, 0.0052], [122235000.0, 0.0312], [122224000.0, 0.0056828], [122129000.0, 0.00805112], [122128000.0, 0.00040958]], "asks": [[122529000.0, 0.050467], [122557000.0, 0.00040782], [122581000.0, 0.00040774], [122609000.0, 0.0817631], [122655000.0, 0.00219119], [122656000.0, 0.05], [122693000.0, 0.1], [122776000.0, 0.03308729], [122777000.0, 0.03007086], [122786000.0, 0.00032565]]},
{"timestamp": 1743771603428, "bids": [[122503000.0, 0.00134256], [122380000.0, 0.0654], [122360000.0, 0.001], [122353000.0, 0.00595], [122345000.0, 0.00850561], [122344000.0, 0.0052], [122235000.0, 0.0312], [122224000.0, 0.0056828], [122129000.0, 0.00805112], [122128000.0, 0.00040958]], "asks": [[122529000.0, 0.050467], [122557000.0, 0.00040782], [122581000.0, 0.00040774], [122609000.0, 0.0817631], [122655000.0, 0.00219119], [122656000.0, 0.05], [122692000.0, 0.03814913], [122693000.0, 0.1], [122776000.0, 0.03308729], [122777000.0, 0.03007086]]},
{"timestamp": 1743771603428, "bids": [[122503000.0, 0.00134256], [122360000.0, 0.001], [122353000.0, 0.00595], [122345000.0, 0.00850561], [122344000.0, 0.0052], [122235000.0, 0.0312], [122224000.0, 0.0056828], [122129000.0, 0.00805112], [122128000.0, 0.00040958], [122105000.0, 0.00040965]], "asks": [[122529000.0, 0.050467], [122557000.0, 0.00040782], [122581000.0, 0.00040774], [122609000.0, 0.0817631], [122655000.0, 0.00219119], [122656000.0, 0.05], [122692000.0, 0.03814913], [122693000.0, 0.1], [122776000.0, 0.03308729], [122777000.0, 0.03007086]]},
{"timestamp": 1743771603428, "bids": [[122360000.0, 0.001], [122353000.0, 0.00595], [122345000.0, 0.00850561], [122344000.0, 0.0052], [122235000.0, 0.0312], [122224000.0, 0.0056828], [122129000.0, 0.00805112], [122128000.0, 0.00040958], [122105000.0, 0.00040965], [122048000.0, 0.03]], "asks": [[122529000.0, 0.050467], [122557000.0, 0.00040782], [122581000.0, 0.00040774], [122609000.0, 0.0817631], [122655000.0, 0.00219119], [122656000.0, 0.05], [122692000.0, 0.03814913], [122693000.0, 0.1], [122776000.0, 0.03308729], [122777000.0, 0.03007086]]},
{"timestamp": 1743771603696, "bids": [[122360000.0, 0.001], [122353000.0, 0.00595], [122345000.0, 0.00850561], [122344000.0, 0.0052], [122235000.0, 0.0312], [122224000.0, 0.0056828], [122129000.0, 0.00805112], [122128000.0, 0.00040958], [122105000.0, 0.00040965], [122048000.0, 0.03]], "asks": [[122529000.0, 0.050467], [122557000.0, 0.00040782], [122581000.0, 0.00040774], [122609000.0, 0.0817631], [122656000.0, 0.05], [122692000.0, 0.03814913], [122693000.0, 0.1], [122776000.0, 0.03308729], [122777000.0, 0.03007086], [122786000.0, 0.00032565]]},
{"timestamp": 1743771603696, "bids": [[122360000.0, 0.001], [122353000.0, 0.00595], [122345000.0, 0.00850561], [122344000.0, 0.0052], [122235000.0, 0.0312], [122224000.0, 0.0056828], [122129000.0, 0.00805112], [122128000.0, 0.00040958], [122105000.0, 0.00040965], [122048000.0, 0.03]], "asks": [[122529000.0, 0.050467], [122557000.0, 0.00040782], [122581000.0, 0.00040774], [122609000.0, 0.0817631], [122656000.0, 0.05], [122692000.0, 0.03814913], [122693000.0, 0.1], [122776000.0, 0.03308729], [122777000.0, 0.03007086], [122786000.0, 0.00032565]]},
{"timestamp": 1743771603696, "bids": [[122360000.0, 0.001], [122353000.0, 0.00595], [122344000.0, 0.0052], [122235000.0, 0.0312], [122224000.0, 0.0056828], [122129000.0, 0.00805112], [122128000.0, 0.00040958], [122105000.0, 0.00040965], [122048000.0, 0.03], [122047000.0, 0.02718747]], "asks": [[122529000.0, 0.050467], [122557000.0, 0.00040782], [122581000.0, 0.00040774], [122609000.0, 0.0817631], [122656000.0, 0.05], [122692000.0, 0.03814913], [122693000.0, 0.1], [122776000.0, 0.03308729], [122777000.0, 0.03007086], [122786000.0, 0.00032565]]},
{"timestamp": 1743771603696, "bids": [[122360000.0, 0.001], [122353000.0, 0.00595], [122344000.0, 0.0052], [122235000.0, 0.0312], [122224000.0, 0.0056828], [122129000.0, 0.00805112], [122128000.0, 0.00040958], [122105000.0, 0.00040965], [122048000.0, 0.03], [122047000.0, 0.02718747]], "asks": [[122529000.0, 0.050467], [122557000.0, 0.00040782], [122581000.0, 0.00040774], [122609000.0, 0.0817631], [122656000.0, 0.05], [122692000.0, 0.03814913], [122693000.0, 0.1], [122776000.0, 0.03308729], [122777000.0, 0.03007086], [122786000.0, 0.00032565]]},
{"timestamp": 1743771603696, "bids": [[122360000.0, 0.001], [122353000.0, 0.00595], [122344000.0, 0.0052], [122236000.0, 0.02753186], [122235000.0, 0.0312], [122224000.0, 0.0056828], [122129000.0, 0.00805112], [122128000.0, 0.00040958], [122105000.0, 0.00040965], [122048000.0, 0.03]], "asks": [[122529000.0, 0.050467], [122557000.0, 0.00040782], [122581000.0, 0.00040774], [122609000.0, 0.0817631], [122656000.0, 0.05], [122692000.0, 0.03814913], [122693000.0, 0.1], [122776000.0, 0.03308729], [122777000.0, 0.03007086], [122786000.0, 0.00032565]]},
{"timestamp": 1743771603696, "bids": [[122360000.0, 0.001], [122353000.0, 0.00595], [122344000.0, 0.0052], [122236000.0, 0.02753186], [122235000.0, 0.0312], [122224000.0, 0.0056828], [122129000.0, 0.00805112], [122128000.0, 0.00040958], [122105000.0, 0.00040965], [122048000.0, 0.03]], "asks": [[122557000.0, 0.00040782], [122581000.0, 0.00040774], [122609000.0, 0.0817631], [122656000.0, 0.05], [122692000.0, 0.03814913], [122693000.0, 0.1], [122776000.0, 0.03308729], [122777000.0, 0.03007086], [122786000.0, 0.00032565], [122839000.0, 0.00200644]]},
{"timestamp": 1743771603876, "bids": [[122360000.0, 0.001], [122353000.0, 0.00595], [122344000.0, 0.0052], [122236000.0, 0.03742485], [122235000.0, 0.0312], [122224000.0, 0.0056828], [122129000.0, 0.00805112], [122128000.0, 0.00040958], [122105000.0, 0.00040965], [122048000.0, 0.03]], "asks": [[122557000.0, 0.00040782], [122581000.0, 0.00040774], [122609000.0, 0.0817631], [122656000.0, 0.05], [122692000.0, 0.03814913], [122693000.0, 0.1], [122776000.0, 0.03308729], [122777000.0, 0.03007086], [122786000.0, 0.00032565], [122839000.0, 0.00200644]]},
{"timestamp": 1743771603876, "bids": [[122360000.0, 0.001], [122353000.0, 0.00595], [122344000.0, 0.0052], [122236000.0, 0.03742485], [122235000.0, 0.0312], [122224000.0, 0.0056828], [122129000.0, 0.00805112], [122128000.0, 0.00040958], [122105000.0, 0.00040965], [122048000.0, 0.03]], "asks": [[122541000.0, 0.0054], [122557000.0, 0.00040782], [122581000.0, 0.00040774], [122609000.0, 0.0817631], [122656000.0, 0.05], [122692000.0, 0.03814913], [122693000.0, 0.1], [122776000.0, 0.03308729], [122777000.0, 0.03007086], [122786000.0, 0.00032565]]},
{"timestamp": 1743771603876, "bids": [[122360000.0, 0.001], [122353000.0, 0.00595], [122344000.0, 0.0052], [122300000.0, 0.01561776], [122236000.0, 0.03742485], [122235000.0, 0.0312], [122224000.0, 0.0056828], [122129000.0, 0.00805112], [122128000.0, 0.00040958], [122105000.0, 0.00040965]], "asks": [[122541000.0, 0.0054], [122557000.0, 0.00040782], [122581000.0, 0.00040774], [122609000.0, 0.0817631], [122656000.0, 0.05], [122692000.0, 0.03814913], [122693000.0, 0.1], [122776000.0, 0.03308729], [122777000.0, 0.03007086], [122786000.0, 0.00032565]]},
{"timestamp": 1743771603876, "bids": [[122360000.0, 0.001], [122353000.0, 0.00595], [122344000.0, 0.0052], [122300000.0, 0.01561776], [122236000.0, 0.03742485], [122235000.0, 0.0312], [122224000.0, 0.0056828], [122129000.0, 0.00805112], [122128000.0, 0.00040958], [122105000.0, 0.00040965]], "asks": [[122541000.0, 0.0054], [122557000.0, 0.00040782], [122581000.0, 0.00040774], [122609000.0, 0.0817631], [122656000.0, 0.05], [122692000.0, 0.03814913], [122693000.0, 0.1], [122776000.0, 0.03308729], [122777000.0, 0.03007086], [122786000.0, 0.00032565]]},
{"timestamp": 1743771603876, "bids": [[122360000.0, 0.001], [122353000.0, 0.00595], [122344000.0, 0.0052], [122300000.0, 0.01561776], [122236000.0, 0.03742485], [122235000.0, 0.0312], [122224000.0, 0.0056828], [122129000.0, 0.00805112], [122128000.0, 0.00040958], [122105000.0, 0.00040965]], "asks": [[122541000.0, 0.0054], [122557000.0, 0.00040782], [122581000.0, 0.00040774], [122609000.0, 0.0817631], [122692000.0, 0.03814913], [122693000.0, 0.1], [122776000.0, 0.03308729], [122777000.0, 0.03007086], [122786000.0, 0.00032565], [122839000.0, 0.00200644]]},
{"timestamp": 1743771604102, "bids": [[122528000.0, 0.0020099], [122360000.0, 0.001], [122353000.0, 0.00595], [122344000.0, 0.0052], [122300000.0, 0.01561776], [122236000.0, 0.03742485], [122235000.0, 0.0312], [122224000.0, 0.0056828], [122129000.0, 0.00805112], [122128000.0, 0.00040958]], "asks": [[122541000.0, 0.0054], [122557000.0, 0.00040782], [122581000.0, 0.00040774], [122609000.0, 0.0817631], [122692000.0, 0.03814913], [122693000.0, 0.1], [122776000.0, 0.03308729], [122777000.0, 0.03007086], [122786000.0, 0.00032565], [122839000.0, 0.00200644]]},
{"timestamp": 1743771604102, "bids": [[122528000.0, 0.0020099], [122360000.0, 0.001], [122353000.0, 0.00595], [122344000.0, 0.0052], [122300000.0, 0.01561776], [122236000.0, 0.03742485], [122235000.0, 0.0312], [122224000.0, 0.0056828], [122129000.0, 0.00805112], [122128000.0, 0.00040958]], "asks": [[122541000.0, 0.0054], [122557000.0, 0.00040782], [122581000.0, 0.00040774], [122609000.0, 0.0817631], [122692000.0, 0.03814913], [122693000.0, 0.1], [122776000.0, 0.03308729], [122777000.0, 0.03007086], [122786000.0, 0.00032565], [122839000.0, 0.00200644]]},
{"timestamp": 1743771604102, "bids": [[122528000.0, 0.0020099], [122360000.0, 0.001], [122353000.0, 0.00595], [122344000.0, 0.0052], [122300000.0, 0.01561776], [122236000.0, 0.00989299], [122235000.0, 0.0312], [122224000.0, 0.0056828], [122129000.0, 0.00805112], [122128000.0, 0.00040958]], "asks": [[122541000.0, 0.0054], [122557000.0, 0.00040782], [122581000.0, 0.00040774], [122609000.0, 0.0817631], [122692000.0, 0.03814913], [122693000.0, 0.1], [122776000.0, 0.03308729], [122777000.0, 0.03007086], [122786000.0, 0.00032565], [122839000.0, 0.00200644]]},
{"timestamp": 1743771604102, "bids": [[122528000.0, 0.0020099], [122360000.0, 0.001], [122353000.0, 0.00595], [122344000.0, 0.0052], [122300000.0, 0.01561776], [122235000.0, 0.0312], [122224000.0, 0.0056828], [122129000.0, 0.00805112], [122128000.0, 0.00040958], [122105000.0, 0.00040965]], "asks": [[122541000.0, 0.0054], [122557000.0, 0.00040782], [122581000.0, 0.00040774], [122609000.0, 0.0817631], [122692000.0, 0.03814913], [122693000.0, 0.1], [122776000.0, 0.03308729], [122777000.0, 0.03007086], [122786000.0, 0.00032565], [122839000.0, 0.00200644]]},
{"timestamp": 1743771604306, "bids": [[122528000.0, 0.0020099], [122360000.0, 0.001], [122353000.0, 0.00595], [122344000.0, 0.0052], [122300000.0, 0.01561776], [122235000.0, 0.0312], [122224000.0, 0.0056828], [122129000.0, 0.00805112], [122128000.0, 0.00040958], [122105000.0, 0.00040965]], "asks": [[122541000.0, 0.0054], [122557000.0, 0.00040782], [122581000.0, 0.00040774], [122609000.0, 0.0817631], [122692000.0, 0.03814913], [122693000.0, 0.1], [122777000.0, 0.03007086], [122786000.0, 0.00032565], [122839000.0, 0.00200644], [122890000.0, 0.00625391]]},
{"timestamp": 1743771604306, "bids": [[122528000.0, 0.0020099], [122360000.0, 0.001], [122353000.0, 0.00595], [122344000.0, 0.0052], [122300000.0, 0.01561776], [122235000.0, 0.0312], [122224000.0, 0.0056828], [122129000.0, 0.00805112], [122128000.0, 0.00040958], [122105000.0, 0.00040965]], "asks": [[122557000.0, 0.00040782], [122581000.0, 0.00040774], [122609000.0, 0.0817631], [122692000.0, 0.03814913], [122693000.0, 0.1], [122777000.0, 0.03007086], [122786000.0, 0.00032565], [122839000.0, 0.00200644], [122890000.0, 0.00625391], [122930000.0, 0.0342876]]},
{"timestamp": 1743771604306, "bids": [[122528000.0, 0.0020099], [122360000.0, 0.001], [122353000.0, 0.00595], [122344000.0, 0.0052], [122300000.0, 0.01561776], [122235000.0, 0.0312], [122224000.0, 0.0056828], [122129000.0, 0.00805112], [122128000.0, 0.00040958], [122105000.0, 0.00040965]], "asks": [[122556000.0, 0.050467], [122557000.0, 0.00040782], [122581000.0, 0.00040774], [122609000.0, 0.0817631], [122692000.0, 0.03814913], [122693000.0, 0.1], [122777000.0, 0.03007086], [122786000.0, 0.00032565], [122839000.0, 0.00200644], [122890000.0, 0.00625391]]},
{"timestamp": 1743771604306, "bids": [[122528000.0, 0.0020099], [122360000.0, 0.001], [122353000.0, 0.00595], [122344000.0, 0.0052], [122300000.0, 0.01561776], [122235000.0, 0.0312], [122224000.0, 0.0056828], [122129000.0, 0.00805112], [122128000.0, 0.00040958], [122105000.0, 0.00040965]], "asks": [[122556000.0, 0.050467], [122557000.0, 0.00040782], [122581000.0, 0.00040774], [122608000.0, 0.00019907], [122609000.0, 0.0817631], [122692000.0, 0.03814913], [122693000.0, 0.1], [122777000.0, 0.03007086], [122786000.0, 0.00032565], [122839000.0, 0.00200644]]},
{"timestamp": 1743771604306, "bids": [[122528000.0, 0.0020099], [122360000.0, 0.001], [122353000.0, 0.00595], [122344000.0, 0.0052], [122300000.0, 0.01561776], [122235000.0, 0.0312], [122224000.0, 0.0056828], [122129000.0, 0.00805112], [122128000.0, 0.00040958], [122105000.0, 0.00040965]], "asks": [[122556000.0, 0.050467], [122557000.0, 0.00040782], [122581000.0, 0.00040774], [122608000.0, 0.00019907], [122609000.0, 0.0817631], [122692000.0, 0.03814913], [122693000.0, 0.1], [122777000.0, 0.03007086], [122786000.0, 0.00032565], [122839000.0, 0.00200644]]},
{"timestamp": 1743771604306, "bids": [[122528000.0, 0.0020099], [122360000.0, 0.001], [122353000.0, 0.00595], [122344000.0, 0.0052], [122300000.0, 0.01561776], [122235000.0, 0.0312], [122224000.0, 0.0056828], [122129000.0, 0.00805112], [122128000.0, 0.00040958], [122105000.0, 0.00040965]], "asks": [[122556000.0, 0.050467], [122557000.0, 0.00040782], [122581000.0, 0.00040774], [122608000.0, 0.00019907], [122609000.0, 0.0817631], [122692000.0, 0.03814913], [122693000.0, 0.1], [122776000.0, 0.00848493], [122777000.0, 0.03007086], [122786000.0, 0.00032565]]},
{"timestamp": 1743771604621, "bids": [[122528000.0, 0.0020099], [122379000.0, 0.0654], [122360000.0, 0.001], [122353000.0, 0.00595], [122344000.0, 0.0052], [122300000.0, 0.01561776], [122235000.0, 0.0312], [122224000.0, 0.0056828], [122129000.0, 0.00805112], [122128000.0, 0.00040958]], "asks": [[122556000.0, 0.050467], [122557000.0, 0.00040782], [122581000.0, 0.00040774], [122608000.0, 0.00019907], [122609000.0, 0.0817631], [122692000.0, 0.03814913], [122693000.0, 0.1], [122776000.0, 0.00848493], [122777000.0, 0.03007086], [122786000.0, 0.00032565]]},
{"timestamp": 1743771604621, "bids": [[122528000.0, 0.0020099], [122379000.0, 0.0654], [122360000.0, 0.001], [122353000.0, 0.00595], [122344000.0, 0.0052], [122300000.0, 0.01561776], [122235000.0, 0.0312], [122224000.0, 0.0056828], [122129000.0, 0.00805112], [122128000.0, 0.00040958]], "asks": [[122556000.0, 0.050467], [122557000.0, 0.00040782], [122581000.0, 0.00040774], [122608000.0, 0.00019907], [122609000.0, 0.0817631], [122692000.0, 0.03814913], [122776000.0, 0.00848493], [122777000.0, 0.03007086], [122786000.0, 0.00032565], [122839000.0, 0.00200644]]},
{"timestamp": 1743771604621, "bids": [[122528000.0, 0.0020099], [122379000.0, 0.0654], [122360000.0, 0.001], [122353000.0, 0.00595], [122300000.0, 0.01561776], [122235000.0, 0.0312], [122224000.0, 0.0056828], [122129000.0, 0.00805112], [122128000.0, 0.00040958], [122105000.0, 0.00040965]], "asks": [[122556000.0, 0.050467], [122557000.0, 0.00040782], [122581000.0, 0.00040774], [122608000.0, 0.00019907], [122609000.0, 0.0817631], [122692000.0, 0.03814913], [122776000.0, 0.00848493], [122777000.0, 0.03007086], [122786000.0, 0.00032565], [122839000.0, 0.00200644]]},
{"timestamp": 1743771604621, "bids": [[122528000.0, 0.0020099], [122379000.0, 0.0654], [122360000.0, 0.001], [122353000.0, 0.00595], [122300000.0, 0.01561776], [122235000.0, 0.0312], [122224000.0, 0.0056828], [122129000.0, 0.00805112], [122128000.0, 0.00040958], [122105000.0, 0.00040965]], "asks": [[122557000.0, 0.00040782], [122581000.0, 0.00040774], [122608000.0, 0.00019907], [122609000.0, 0.0817631], [122692000.0, 0.03814913], [122776000.0, 0.00848493], [122777000.0, 0.03007086], [122786000.0, 0.00032565], [122839000.0, 0.00200644], [122890000.0, 0.00625391]]},
{"timestamp": 1743771604881, "bids": [[122528000.0, 0.0020099], [122379000.0, 0.0654], [122360000.0, 0.001], [122353000.0, 0.00595], [122300000.0, 0.01561776], [122235000.0, 0.0312], [122224000.0, 0.0056828], [122129000.0, 0.00805112], [122128000.0, 0.00040958], [122105000.0, 0.00040965]], "asks": [[122557000.0, 0.00040782], [122581000.0, 0.00040774], [122609000.0, 0.0817631], [122692000.0, 0.03814913], [122776000.0, 0.00848493], [122777000.0, 0.03007086], [122786000.0, 0.00032565], [122839000.0, 0.00200644], [122890000.0, 0.00625391], [122930000.0, 0.0342876]]},
{"timestamp": 1743771604881, "bids": [[122528000.0, 0.0020099], [122379000.0, 0.0654], [122360000.0, 0.001], [122353000.0, 0.00595], [122300000.0, 0.01561776], [122235000.0, 0.0312], [122224000.0, 0.0056828], [122129000.0, 0.00805112], [122128000.0, 0.00040958], [122105000.0, 0.00040965]], "asks": [[122557000.0, 0.00040782], [122581000.0, 0.00040774], [122609000.0, 0.0817631], [122776000.0, 0.00848493], [122777000.0, 0.03007086], [122786000.0, 0.00032565], [122839000.0, 0.00200644], [122890000.0, 0.00625391], [122930000.0, 0.0342876], [122945000.0, 0.0315]]},
{"timestamp": 1743771604881, "bids": [[122528000.0, 0.0020099], [122379000.0, 0.0654], [122360000.0, 0.001], [122353000.0, 0.00595], [122300000.0, 0.01561776], [122235000.0, 0.0312], [122224000.0, 0.0056828], [122129000.0, 0.00805112], [122128000.0, 0.00040958], [122105000.0, 0.00040965]], "asks": [[122557000.0, 0.00040782], [122581000.0, 0.00040774], [122609000.0, 0.0817631], [122655000.0, 0.05], [122776000.0, 0.00848493], [122777000.0, 0.03007086], [122786000.0, 0.00032565], [122839000.0, 0.00200644], [122890000.0, 0.00625391], [122930000.0, 0.0342876]]},
{"timestamp": 1743771604881, "bids": [[122528000.0, 0.0020099], [122379000.0, 0.0654], [122360000.0, 0.001], [122353000.0, 0.00595], [122300000.0, 0.01561776], [122235000.0, 0.0312], [122224000.0, 0.0056828], [122129000.0, 0.00805112], [122128000.0, 0.00040958], [122105000.0, 0.00040965]], "asks": [[122557000.0, 0.00040782], [122581000.0, 0.00040774], [122609000.0, 0.0817631], [122655000.0, 0.05], [122776000.0, 0.04660738], [122777000.0, 0.03007086], [122786000.0, 0.00032565], [122839000.0, 0.00200644], [122890000.0, 0.00625391], [122930000.0, 0.0342876]]},
{"timestamp": 1743771604881, "bids": [[122528000.0, 0.0020099], [122379000.0, 0.0654], [122360000.0, 0.001], [122353000.0, 0.00595], [122301000.0, 0.00989166], [122300000.0, 0.01561776], [122235000.0, 0.0312], [122224000.0, 0.0056828], [122129000.0, 0.00805112], [122128000.0, 0.00040958]], "asks": [[122557000.0, 0.00040782], [122581000.0, 0.00040774], [122609000.0, 0.0817631], [122655000.0, 0.05], [122776000.0, 0.04660738], [122777000.0, 0.03007086], [122786000.0, 0.00032565], [122839000.0, 0.00200644], [122890000.0, 0.00625391], [122930000.0, 0.0342876]]},
{"timestamp": 1743771604881, "bids": [[122528000.0, 0.0020099], [122379000.0, 0.0654], [122360000.0, 0.001], [122353000.0, 0.00595], [122301000.0, 0.03748583], [122300000.0, 0.01561776], [122235000.0, 0.0312], [122224000.0, 0.0056828], [122129000.0, 0.00805112], [122128000.0, 0.00040958]], "asks": [[122557000.0, 0.00040782], [122581000.0, 0.00040774], [122609000.0, 0.0817631], [122655000.0, 0.05], [122776000.0, 0.04660738], [122777000.0, 0.03007086], [122786000.0, 0.00032565], [122839000.0, 0.00200644], [122890000.0, 0.00625391], [122930000.0, 0.0342876]]},
{"timestamp": 1743771604881, "bids": [[122528000.0, 0.0020099], [122379000.0, 0.0654], [122360000.0, 0.001], [122353000.0, 0.00595], [122301000.0, 0.03748583], [122300000.0, 0.01561776], [122235000.0, 0.0312], [122224000.0, 0.0056828], [122129000.0, 0.00805112], [122128000.0, 0.00040958]], "asks": [[122550000.0, 0.0057], [122557000.0, 0.00040782], [122581000.0, 0.00040774], [122609000.0, 0.0817631], [122655000.0, 0.05], [122776000.0, 0.04660738], [122777000.0, 0.03007086], [122786000.0, 0.00032565], [122839000.0, 0.00200644], [122890000.0, 0.00625391]]},
{"timestamp": 1743771605077, "bids": [[122528000.0, 0.0020099], [122379000.0, 0.0654], [122360000.0, 0.001], [122301000.0, 0.03748583], [122300000.0, 0.01561776], [122235000.0, 0.0312], [122224000.0, 0.0056828], [122129000.0, 0.00805112], [122128000.0, 0.00040958], [122105000.0, 0.00040965]], "asks": [[122550000.0, 0.0057], [122557000.0, 0.00040782], [122581000.0, 0.00040774], [122609000.0, 0.0817631], [122655000.0, 0.05], [122776000.0, 0.04660738], [122777000.0, 0.03007086], [122786000.0, 0.00032565], [122839000.0, 0.00200644], [122890000.0, 0.00625391]]},
{"timestamp": 1743771605077, "bids": [[122528000.0, 0.0020099], [122379000.0, 0.0654], [122360000.0, 0.001], [122301000.0, 0.03748583], [122300000.0, 0.01561776], [122235000.0, 0.0312], [122224000.0, 0.0056828], [122129000.0, 0.00805112], [122128000.0, 0.00040958], [122105000.0, 0.00040965]], "asks": [[122550000.0, 0.0057], [122556000.0, 0.050467], [122557000.0, 0.00040782], [122581000.0, 0.00040774], [122609000.0, 0.0817631], [122655000.0, 0.05], [122776000.0, 0.04660738], [122777000.0, 0.03007086], [122786000.0, 0.00032565], [122839000.0, 0.00200644]]},
{"timestamp": 1743771605357, "bids": [[122528000.0, 0.0020099], [122379000.0, 0.0654], [122360000.0, 0.001], [122301000.0, 0.00989166], [122300000.0, 0.01561776], [122235000.0, 0.0312], [122224000.0, 0.0056828], [122129000.0, 0.00805112], [122128000.0, 0.00040958], [122105000.0, 0.00040965]], "asks": [[122550000.0, 0.0057], [122556000.0, 0.050467], [122557000.0, 0.00040782], [122581000.0, 0.00040774], [122609000.0, 0.0817631], [122655000.0, 0.05], [122776000.0, 0.04660738], [122777000.0, 0.03007086], [122786000.0, 0.00032565], [122839000.0, 0.00200644]]},
{"timestamp": 1743771605357, "bids": [[122528000.0, 0.0020099], [122379000.0, 0.0654], [122360000.0, 0.001], [122301000.0, 0.00989166], [122300000.0, 0.01561776], [122235000.0, 0.0312], [122224000.0, 0.0056828], [122129000.0, 0.00805112], [122128000.0, 0.00040958], [122105000.0, 0.00040965]], "asks": [[122550000.0, 0.0057], [122557000.0, 0.00040782], [122581000.0, 0.00040774], [122609000.0, 0.0817631], [122655000.0, 0.05], [122776000.0, 0.04660738], [122777000.0, 0.03007086], [122786000.0, 0.00032565], [122839000.0, 0.00200644], [122890000.0, 0.00625391]]},
{"timestamp": 1743771605357, "bids": [[122528000.0, 0.0020099], [122379000.0, 0.0654], [122360000.0, 0.001], [122301000.0, 0.00989166], [122300000.0, 0.01561776], [122235000.0, 0.0312], [122224000.0, 0.0056828], [122129000.0, 0.00805112], [122128000.0, 0.00040958], [122105000.0, 0.00040965]], "asks": [[122550000.0, 0.0057], [122557000.0, 0.00040782], [122581000.0, 0.00040774], [122609000.0, 0.0817631], [122655000.0, 0.05], [122776000.0, 0.00848493], [122777000.0, 0.03007086], [122786000.0, 0.00032565], [122839000.0, 0.00200644], [122890000.0, 0.00625391]]},
{"timestamp": 1743771605581, "bids": [[122528000.0, 0.0020099], [122379000.0, 0.0654], [122360000.0, 0.001], [122300000.0, 0.01561776], [122235000.0, 0.0312], [122224000.0, 0.0056828], [122129000.0, 0.00805112], [122128000.0, 0.00040958], [122105000.0, 0.00040965], [122048000.0, 0.03]], "asks": [[122550000.0, 0.0057], [122557000.0, 0.00040782], [122581000.0, 0.00040774], [122609000.0, 0.0817631], [122655000.0, 0.05], [122776000.0, 0.00848493], [122777000.0, 0.03007086], [122786000.0, 0.00032565], [122839000.0, 0.00200644], [122890000.0, 0.00625391]]},
{"timestamp": 1743771605581, "bids": [[122528000.0, 0.0020099], [122379000.0, 0.0654], [122360000.0, 0.001], [122300000.0, 0.01561776], [122235000.0, 0.0312], [122224000.0, 0.0056828], [122129000.0, 0.00805112], [122128000.0, 0.00040958], [122105000.0, 0.00040965], [122048000.0, 0.03]], "asks": [[122550000.0, 0.0057], [122557000.0, 0.00040782], [122581000.0, 0.00040774], [122609000.0, 0.0817631], [122655000.0, 0.05], [122776000.0, 0.00848493], [122777000.0, 0.03007086], [122786000.0, 0.00032565], [122839000.0, 0.00200644], [122890000.0, 0.00625391]]},
{"timestamp": 1743771605581, "bids": [[122528000.0, 0.0020099], [122379000.0, 0.0654], [122360000.0, 0.001], [122300000.0, 0.01561776], [122235000.0, 0.0312], [122224000.0, 0.0056828], [122129000.0, 0.00805112], [122128000.0, 0.00040958], [122105000.0, 0.00040965], [122048000.0, 0.03]], "asks": [[122550000.0, 0.0057], [122557000.0, 0.00040782], [122562000.0, 0.02435], [122581000.0, 0.00040774], [122609000.0, 0.0817631], [122655000.0, 0.05], [122776000.0, 0.00848493], [122777000.0, 0.03007086], [122786000.0, 0.00032565], [122839000.0, 0.00200644]]},
{"timestamp": 1743771605581, "bids": [[122528000.0, 0.0020099], [122379000.0, 0.0654], [122360000.0, 0.001], [122300000.0, 0.01561776], [122235000.0, 0.0312], [122224000.0, 0.0056828], [122129000.0, 0.00805112], [122128000.0, 0.00040958], [122105000.0, 0.00040965], [122048000.0, 0.03]], "asks": [[122550000.0, 0.0057], [122557000.0, 0.00040782], [122562000.0, 0.02435], [122581000.0, 0.00040774], [122609000.0, 0.0817631], [122654000.0, 0.00019906], [122655000.0, 0.05], [122776000.0, 0.00848493], [122777000.0, 0.03007086], [122786000.0, 0.00032565]]},
{"timestamp": 1743771605789, "bids": [[122528000.0, 0.0020099], [122379000.0, 0.0654], [122360000.0, 0.001], [122300000.0, 0.01561776], [122235000.0, 0.0312], [122224000.0, 0.0056828], [122129000.0, 0.00805112], [122128000.0, 0.00040958], [122105000.0, 0.00040965], [122048000.0, 0.03]], "asks": [[122550000.0, 0.0057], [122557000.0, 0.00040782], [122562000.0, 0.02435], [122581000.0, 0.00040774], [122609000.0, 0.0817631], [122654000.0, 0.00019906], [122655000.0, 0.05], [122776000.0, 0.00848493], [122777000.0, 0.03007086], [122786000.0, 0.00032565]]},
{"timestamp": 1743771605789, "bids": [[122528000.0, 0.0020099], [122379000.0, 0.0654], [122360000.0, 0.001], [122300000.0, 0.01561776], [122235000.0, 0.0312], [122224000.0, 0.0056828], [122129000.0, 0.00805112], [122128000.0, 0.00040958], [122105000.0, 0.00040965], [122048000.0, 0.03]], "asks": [[122550000.0, 0.0057], [122557000.0, 0.00040782], [122562000.0, 0.02435], [122581000.0, 0.00040774], [122609000.0, 0.0817631], [122654000.0, 0.00019906], [122655000.0, 0.05], [122776000.0, 0.00848493], [122777000.0, 0.03007086], [122786000.0, 0.00032565]]},
{"timestamp": 1743771605789, "bids": [[122528000.0, 0.0020099], [122379000.0, 0.0654], [122360000.0, 0.001], [122300000.0, 0.01561776], [122235000.0, 0.0312], [122224000.0, 0.0056828], [122129000.0, 0.00805112], [122128000.0, 0.00040958], [122105000.0, 0.00040965], [122048000.0, 0.03]], "asks": [[122550000.0, 0.0057], [122557000.0, 0.00040782], [122562000.0, 0.02435], [122581000.0, 0.00040774], [122609000.0, 0.0817631], [122654000.0, 0.00019906], [122655000.0, 0.05], [122776000.0, 0.00848493], [122777000.0, 0.03007086], [122786000.0, 0.00032565]]},
{"timestamp": 1743771605789, "bids": [[122528000.0, 0.0020099], [122379000.0, 0.0654], [122360000.0, 0.001], [122300000.0, 0.01561776], [122235000.0, 0.0312], [122224000.0, 0.0056828], [122129000.0, 0.00805112], [122128000.0, 0.00040958], [122105000.0, 0.00040965], [122048000.0, 0.03]], "asks": [[122550000.0, 0.0057], [122557000.0, 0.00040782], [122562000.0, 0.02435], [122581000.0, 0.00040774], [122609000.0, 0.0817631], [122654000.0, 0.00019906], [122655000.0, 0.05], [122692000.0, 0.1], [122776000.0, 0.00848493], [122777000.0, 0.03007086]]},
{"timestamp": 1743771605789, "bids": [[122528000.0, 0.0020099], [122379000.0, 0.0654], [122360000.0, 0.001], [122300000.0, 0.01561776], [122235000.0, 0.0312], [122224000.0, 0.0056828], [122129000.0, 0.00805112], [122128000.0, 0.00040958], [122105000.0, 0.00040965], [122048000.0, 0.03]], "asks": [[122550000.0, 0.0057], [122557000.0, 0.00040782], [122562000.0, 0.02435], [122581000.0, 0.00040774], [122609000.0, 0.0817631], [122654000.0, 0.00019906], [122655000.0, 0.05], [122692000.0, 0.1], [122776000.0, 0.00848493], [122777000.0, 0.03007086]]},
{"timestamp": 1743771605789, "bids": [[122528000.0, 0.0020099], [122379000.0, 0.0654], [122360000.0, 0.001], [122300000.0, 0.01561776], [122235000.0, 0.0312], [122224000.0, 0.0056828], [122129000.0, 0.00805112], [122128000.0, 0.00040958], [122105000.0, 0.00040965], [122048000.0, 0.03]], "asks": [[122550000.0, 0.0057], [122557000.0, 0.00040782], [122562000.0, 0.02435], [122581000.0, 0.00040774], [122609000.0, 0.0817631], [122654000.0, 0.00019906], [122655000.0, 0.05], [122692000.0, 0.1], [122776000.0, 0.00848493], [122777000.0, 0.03007086]]},
{"timestamp": 1743771605789, "bids": [[122379000.0, 0.0654], [122360000.0, 0.001], [122300000.0, 0.01561776], [122235000.0, 0.0312], [122224000.0, 0.0056828], [122129000.0, 0.00805112], [122128000.0, 0.00040958], [122105000.0, 0.00040965], [122048000.0, 0.03], [122047000.0, 0.02718747]], "asks": [[122550000.0, 0.0057], [122557000.0, 0.00040782], [122562000.0, 0.02435], [122581000.0, 0.00040774], [122609000.0, 0.0817631], [122654000.0, 0.00019906], [122655000.0, 0.05], [122692000.0, 0.1], [122776000.0, 0.00848493], [122777000.0, 0.03007086]]},
{"timestamp": 1743771606173, "bids": [[122513000.0, 0.00242332], [122379000.0, 0.0654], [122360000.0, 0.001], [122300000.0, 0.01561776], [122235000.0, 0.0312], [122224000.0, 0.0056828], [122129000.0, 0.00805112], [122128000.0, 0.00040958], [122105000.0, 0.00040965], [122048000.0, 0.03]], "asks": [[122550000.0, 0.0057], [122557000.0, 0.00040782], [122562000.0, 0.02435], [122581000.0, 0.00040774], [122609000.0, 0.0817631], [122654000.0, 0.00019906], [122655000.0, 0.05], [122692000.0, 0.1], [122776000.0, 0.00848493], [122777000.0, 0.03007086]]},
{"timestamp": 1743771606173, "bids": [[122513000.0, 0.00242332], [122379000.0, 0.0654], [122360000.0, 0.001], [122300000.0, 0.01561776], [122235000.0, 0.0312], [122224000.0, 0.0056828], [122129000.0, 0.00805112], [122128000.0, 0.00040958], [122105000.0, 0.00040965], [122048000.0, 0.03]], "asks": [[122550000.0, 0.0057], [122557000.0, 0.00040782], [122562000.0, 0.02435], [122581000.0, 0.00040774], [122609000.0, 0.0817631], [122654000.0, 0.00019906], [122655000.0, 0.05], [122691000.0, 0.01988179], [122692000.0, 0.1], [122776000.0, 0.00848493]]},
{"timestamp": 1743771606173, "bids": [[122513000.0, 0.00242332], [122379000.0, 0.0654], [122360000.0, 0.001], [122301000.0, 0.0275863], [122300000.0, 0.01561776], [122235000.0, 0.0312], [122224000.0, 0.0056828], [122129000.0, 0.00805112], [122128000.0, 0.00040958], [122105000.0, 0.00040965]], "asks": [[122550000.0, 0.0057], [122557000.0, 0.00040782], [122562000.0, 0.02435], [122581000.0, 0.00040774], [122609000.0, 0.0817631], [122654000.0, 0.00019906], [122655000.0, 0.05], [122691000.0, 0.01988179], [122692000.0, 0.1], [122776000.0, 0.00848493]]},
{"timestamp": 1743771606173, "bids": [[122513000.0, 0.00242332], [122379000.0, 0.0654], [122360000.0, 0.001], [122301000.0, 0.02818227], [122300000.0, 0.01561776], [122235000.0, 0.0312], [122224000.0, 0.0056828], [122129000.0, 0.00805112], [122128000.0, 0.00040958], [122105000.0, 0.00040965]], "asks": [[122550000.0, 0.0057], [122557000.0, 0.00040782], [122562000.0, 0.02435], [122581000.0, 0.00040774], [122609000.0, 0.0817631], [122654000.0, 0.00019906], [122655000.0, 0.05], [122691000.0, 0.01988179], [122692000.0, 0.1], [122776000.0, 0.00848493]]},
{"timestamp": 1743771606385, "bids": [[122513000.0, 0.00242332], [122379000.0, 0.0654], [122360000.0, 0.001], [122301000.0, 0.02818227], [122300000.0, 0.01561776], [122235000.0, 0.0312], [122224000.0, 0.0056828], [122129000.0, 0.00805112], [122128000.0, 0.00040958], [122105000.0, 0.00040965]], "asks": [[122549000.0, 0.050467], [122550000.0, 0.0057], [122557000.0, 0.00040782], [122562000.0, 0.02435], [122581000.0, 0.00040774], [122609000.0, 0.0817631], [122654000.0, 0.00019906], [122655000.0, 0.05], [122691000.0, 0.01988179], [122692000.0, 0.1]]},
{"timestamp": 1743771606385, "bids": [[122513000.0, 0.00242332], [122379000.0, 0.0654], [122360000.0, 0.001], [122301000.0, 0.02818227], [122300000.0, 0.01561776], [122224000.0, 0.0056828], [122129000.0, 0.00805112], [122128000.0, 0.00040958], [122105000.0, 0.00040965], [122048000.0, 0.03]], "asks": [[122549000.0, 0.050467], [122550000.0, 0.0057], [122557000.0, 0.00040782], [122562000.0, 0.02435], [122581000.0, 0.00040774], [122609000.0, 0.0817631], [122654000.0, 0.00019906], [122655000.0, 0.05], [122691000.0, 0.01988179], [122692000.0, 0.1]]},
{"timestamp": 1743771606587, "bids": [[122513000.0, 0.00242332], [122379000.0, 0.0654], [122360000.0, 0.001], [122301000.0, 0.02818227], [122300000.0, 0.01561776], [122224000.0, 0.0056828], [122129000.0, 0.00805112], [122128000.0, 0.00040958], [122105000.0, 0.00040965], [122048000.0, 0.03]], "asks": [[122549000.0, 0.050467], [122550000.0, 0.0057], [122557000.0, 0.00040782], [122562000.0, 0.02435], [122581000.0, 0.00040774], [122609000.0, 0.0817631], [122654000.0, 0.00019906], [122655000.0, 0.05], [122691000.0, 0.01988179], [122692000.0, 0.1]]},
{"timestamp": 1743771606768, "bids": [[122513000.0, 0.00242332], [122379000.0, 0.0654], [122360000.0, 0.001], [122301000.0, 0.02818227], [122300000.0, 0.01561776], [122224000.0, 0.0056828], [122129000.0, 0.00805112], [122128000.0, 0.00040958], [122105000.0, 0.00040965], [122048000.0, 0.03]], "asks": [[122549000.0, 0.050467], [122550000.0, 0.0057], [122557000.0, 0.00040782], [122562000.0, 0.02435], [122581000.0, 0.00040774], [122609000.0, 0.0817631], [122654000.0, 0.00019906], [122655000.0, 0.05], [122691000.0, 0.01988179], [122692000.0, 0.1]]},
{"timestamp": 1743771606969, "bids": [[122513000.0, 0.00242332], [122379000.0, 0.0654], [122360000.0, 0.001], [122301000.0, 0.0275863], [122300000.0, 0.01561776], [122224000.0, 0.0056828], [122129000.0, 0.00805112], [122128000.0, 0.00040958], [122105000.0, 0.00040965], [122048000.0, 0.03]], "asks": [[122549000.0, 0.050467], [122550000.0, 0.0057], [122557000.0, 0.00040782], [122562000.0, 0.02435], [122581000.0, 0.00040774], [122609000.0, 0.0817631], [122654000.0, 0.00019906], [122655000.0, 0.05], [122691000.0, 0.01988179], [122692000.0, 0.1]]},
{"timestamp": 1743771606969, "bids": [[122513000.0, 0.00242332], [122379000.0, 0.0654], [122360000.0, 0.001], [122301000.0, 0.0275863], [122300000.0, 0.01561776], [122224000.0, 0.0056828], [122129000.0, 0.00805112], [122128000.0, 0.00040958], [122105000.0, 0.00040965], [122048000.0, 0.03]], "asks": [[122549000.0, 0.050467], [122550000.0, 0.0057], [122557000.0, 0.00040782], [122562000.0, 0.02435], [122581000.0, 0.00040774], [122609000.0, 0.0817631], [122654000.0, 0.00019906], [122655000.0, 0.05], [122691000.0, 0.01988179], [122776000.0, 0.00848493]]},
{"timestamp": 1743771607196, "bids": [[122513000.0, 0.00242332], [122360000.0, 0.001], [122301000.0, 0.0275863], [122300000.0, 0.01561776], [122224000.0, 0.0056828], [122129000.0, 0.00805112], [122128000.0, 0.00040958], [122105000.0, 0.00040965], [122048000.0, 0.03], [122047000.0, 0.02718747]], "asks": [[122549000.0, 0.050467], [122550000.0, 0.0057], [122557000.0, 0.00040782], [122562000.0, 0.02435], [122581000.0, 0.00040774], [122609000.0, 0.0817631], [122654000.0, 0.00019906], [122655000.0, 0.05], [122691000.0, 0.01988179], [122776000.0, 0.00848493]]},
{"timestamp": 1743771607196, "bids": [[122513000.0, 0.00242332], [122360000.0, 0.001], [122301000.0, 0.0275863], [122300000.0, 0.01561776], [122224000.0, 0.0056828], [122129000.0, 0.00805112], [122128000.0, 0.00040958], [122105000.0, 0.00040965], [122048000.0, 0.03], [122047000.0, 0.02718747]], "asks": [[122549000.0, 0.050467], [122550000.0, 0.0057], [122557000.0, 0.00040782], [122562000.0, 0.02435], [122581000.0, 0.00040774], [122609000.0, 0.0817631], [122654000.0, 0.00019906], [122655000.0, 0.05], [122776000.0, 0.00848493], [122777000.0, 0.03007086]]},
{"timestamp": 1743771607504, "bids": [[122513000.0, 0.00242332], [122360000.0, 0.001], [122301000.0, 0.0587863], [122300000.0, 0.01561776], [122224000.0, 0.0056828], [122129000.0, 0.00805112], [122128000.0, 0.00040958], [122105000.0, 0.00040965], [122048000.0, 0.03], [122047000.0, 0.02718747]], "asks": [[122549000.0, 0.050467], [122550000.0, 0.0057], [122557000.0, 0.00040782], [122562000.0, 0.02435], [122581000.0, 0.00040774], [122609000.0, 0.0817631], [122654000.0, 0.00019906], [122655000.0, 0.05], [122776000.0, 0.00848493], [122777000.0, 0.03007086]]},
{"timestamp": 1743771607504, "bids": [[122513000.0, 0.00242332], [122360000.0, 0.001], [122301000.0, 0.0587863], [122300000.0, 0.01561776], [122224000.0, 0.0056828], [122129000.0, 0.00805112], [122128000.0, 0.00040958], [122105000.0, 0.00040965], [122048000.0, 0.03], [122047000.0, 0.02718747]], "asks": [[122549000.0, 0.050467], [122550000.0, 0.0057], [122557000.0, 0.00040782], [122562000.0, 0.02435], [122581000.0, 0.00040774], [122609000.0, 0.0817631], [122654000.0, 0.00019906], [122655000.0, 0.05], [122776000.0, 0.00848493], [122777000.0, 0.03007086]]},
{"timestamp": 1743771607504, "bids": [[122513000.0, 0.00242332], [122360000.0, 0.001], [122301000.0, 0.0312], [122300000.0, 0.01561776], [122224000.0, 0.0056828], [122129000.0, 0.00805112], [122128000.0, 0.00040958], [122105000.0, 0.00040965], [122048000.0, 0.03], [122047000.0, 0.02718747]], "asks": [[122549000.0, 0.050467], [122550000.0, 0.0057], [122557000.0, 0.00040782], [122562000.0, 0.02435], [122581000.0, 0.00040774], [122609000.0, 0.0817631], [122654000.0, 0.00019906], [122655000.0, 0.05], [122776000.0, 0.00848493], [122777000.0, 0.03007086]]},
{"timestamp": 1743771607504, "bids": [[122513000.0, 0.00242332], [122360000.0, 0.001], [122301000.0, 0.0312], [122300000.0, 0.01561776], [122224000.0, 0.0056828], [122129000.0, 0.00805112], [122128000.0, 0.00040958], [122105000.0, 0.00040965], [122048000.0, 0.03], [122047000.0, 0.02718747]], "asks": [[122549000.0, 0.050467], [122550000.0, 0.0057], [122557000.0, 0.00040782], [122562000.0, 0.02435], [122581000.0, 0.00040774], [122609000.0, 0.0817631], [122654000.0, 0.00019906], [122655000.0, 0.05], [122690000.0, 0.01992888], [122776000.0, 0.00848493]]},
{"timestamp": 1743771607504, "bids": [[122513000.0, 0.00242332], [122360000.0, 0.001], [122301000.0, 0.03997024], [122300000.0, 0.01561776], [122224000.0, 0.0056828], [122129000.0, 0.00805112], [122128000.0, 0.00040958], [122105000.0, 0.00040965], [122048000.0, 0.03], [122047000.0, 0.02718747]], "asks": [[122549000.0, 0.050467], [122550000.0, 0.0057], [122557000.0, 0.00040782], [122562000.0, 0.02435], [122581000.0, 0.00040774], [122609000.0, 0.0817631], [122654000.0, 0.00019906], [122655000.0, 0.05], [122690000.0, 0.01992888], [122776000.0, 0.00848493]]},
{"timestamp": 1743771607719, "bids": [[122513000.0, 0.00242332], [122360000.0, 0.001], [122301000.0, 0.03997024], [122300000.0, 0.01561776], [122224000.0, 0.0056828], [122129000.0, 0.00805112], [122128000.0, 0.00040958], [122105000.0, 0.00040965], [122048000.0, 0.03], [122047000.0, 0.02718747]], "asks": [[122549000.0, 0.050467], [122550000.0, 0.0057], [122557000.0, 0.00040782], [122562000.0, 0.02435], [122581000.0, 0.00040774], [122609000.0, 0.0817631], [122654000.0, 0.00019906], [122690000.0, 0.01992888], [122776000.0, 0.00848493], [122777000.0, 0.03007086]]},
{"timestamp": 1743771607719, "bids": [[122513000.0, 0.00242332], [122360000.0, 0.001], [122301000.0, 0.03997024], [122300000.0, 0.01561776], [122224000.0, 0.0056828], [122129000.0, 0.00805112], [122128000.0, 0.00040958], [122105000.0, 0.00040965], [122048000.0, 0.03], [122047000.0, 0.02718747]], "asks": [[122549000.0, 0.050467], [122550000.0, 0.0057], [122557000.0, 0.00040782], [122562000.0, 0.02435], [122581000.0, 0.00040774], [122609000.0, 0.0817631], [122654000.0, 0.00019906], [122776000.0, 0.00848493], [122777000.0, 0.03007086], [122786000.0, 0.00032565]]},
{"timestamp": 1743771607719, "bids": [[122513000.0, 0.00242332], [122360000.0, 0.001], [122301000.0, 0.04987382], [122300000.0, 0.01561776], [122224000.0, 0.0056828], [122129000.0, 0.00805112], [122128000.0, 0.00040958], [122105000.0, 0.00040965], [122048000.0, 0.03], [122047000.0, 0.02718747]], "asks": [[122549000.0, 0.050467], [122550000.0, 0.0057], [122557000.0, 0.00040782], [122562000.0, 0.02435], [122581000.0, 0.00040774], [122609000.0, 0.0817631], [122654000.0, 0.00019906], [122776000.0, 0.00848493], [122777000.0, 0.03007086], [122786000.0, 0.00032565]]},
{"timestamp": 1743771607719, "bids": [[122513000.0, 0.00242332], [122360000.0, 0.001], [122301000.0, 0.04987382], [122300000.0, 0.01561776], [122224000.0, 0.0056828], [122129000.0, 0.00805112], [122128000.0, 0.00040958], [122105000.0, 0.00040965], [122048000.0, 0.03], [122047000.0, 0.02718747]], "asks": [[122549000.0, 0.050467], [122550000.0, 0.0057], [122557000.0, 0.00040782], [122562000.0, 0.02435], [122581000.0, 0.00040774], [122609000.0, 0.0817631], [122654000.0, 0.00019906], [122776000.0, 0.00848493], [122777000.0, 0.03007086], [122786000.0, 0.00032565]]},
{"timestamp": 1743771607719, "bids": [[122360000.0, 0.001], [122301000.0, 0.04987382], [122300000.0, 0.01561776], [122224000.0, 0.0056828], [122129000.0, 0.00805112], [122128000.0, 0.00040958], [122105000.0, 0.00040965], [122048000.0, 0.03], [122047000.0, 0.02718747], [122001000.0, 0.06600898]], "asks": [[122549000.0, 0.050467], [122550000.0, 0.0057], [122557000.0, 0.00040782], [122562000.0, 0.02435], [122581000.0, 0.00040774], [122609000.0, 0.0817631], [122654000.0, 0.00019906], [122776000.0, 0.00848493], [122777000.0, 0.03007086], [122786000.0, 0.00032565]]},
{"timestamp": 1743771607889, "bids": [[122360000.0, 0.001], [122301000.0, 0.04987382], [122300000.0, 0.01561776], [122224000.0, 0.0056828], [122129000.0, 0.00805112], [122128000.0, 0.00040958], [122105000.0, 0.00040965], [122048000.0, 0.03], [122047000.0, 0.02718747], [122001000.0, 0.06600898]], "asks": [[122549000.0, 0.050467], [122550000.0, 0.0057], [122557000.0, 0.00040782], [122562000.0, 0.02435], [122581000.0, 0.00040774], [122609000.0, 0.0817631], [122776000.0, 0.00848493], [122777000.0, 0.03007086], [122786000.0, 0.00032565], [122839000.0, 0.00200644]]},
{"timestamp": 1743771607889, "bids": [[122360000.0, 0.001], [122301000.0, 0.01867382], [122300000.0, 0.01561776], [122224000.0, 0.0056828], [122129000.0, 0.00805112], [122128000.0, 0.00040958], [122105000.0, 0.00040965], [122048000.0, 0.03], [122047000.0, 0.02718747], [122001000.0, 0.06600898]], "asks": [[122549000.0, 0.050467], [122550000.0, 0.0057], [122557000.0, 0.00040782], [122562000.0, 0.02435], [122581000.0, 0.00040774], [122609000.0, 0.0817631], [122776000.0, 0.00848493], [122777000.0, 0.03007086], [122786000.0, 0.00032565], [122839000.0, 0.00200644]]},
{"timestamp": 1743771607889, "bids": [[122360000.0, 0.001], [122301000.0, 0.01867382], [122300000.0, 0.01561776], [122224000.0, 0.0056828], [122129000.0, 0.00805112], [122128000.0, 0.00040958], [122105000.0, 0.00040965], [122048000.0, 0.03], [122047000.0, 0.02718747], [122001000.0, 0.06600898]], "asks": [[122549000.0, 0.050467], [122550000.0, 0.0057], [122557000.0, 0.00040782], [122562000.0, 0.02435], [122581000.0, 0.00040774], [122609000.0, 0.0817631], [122776000.0, 0.00848493], [122777000.0, 0.03007086], [122786000.0, 0.00032565], [122839000.0, 0.00200644]]},
{"timestamp": 1743771607889, "bids": [[122360000.0, 0.001], [122301000.0, 0.01867382], [122300000.0, 0.01561776], [122224000.0, 0.0056828], [122129000.0, 0.00805112], [122128000.0, 0.00040958], [122105000.0, 0.00040965], [122048000.0, 0.03], [122047000.0, 0.02718747], [122001000.0, 0.06600898]], "asks": [[122549000.0, 0.050467], [122550000.0, 0.0057], [122557000.0, 0.00040782], [122562000.0, 0.02435], [122581000.0, 0.00040774], [122609000.0, 0.0817631], [122654000.0, 9.958e-05], [122776000.0, 0.00848493], [122777000.0, 0.03007086], [122786000.0, 0.00032565]]},
{"timestamp": 1743771608108, "bids": [[122361000.0, 0.0312], [122360000.0, 0.001], [122301000.0, 0.01867382], [122300000.0, 0.01561776], [122224000.0, 0.0056828], [122129000.0, 0.00805112], [122128000.0, 0.00040958], [122105000.0, 0.00040965], [122048000.0, 0.03], [122047000.0, 0.02718747]], "asks": [[122549000.0, 0.050467], [122550000.0, 0.0057], [122557000.0, 0.00040782], [122562000.0, 0.02435], [122581000.0, 0.00040774], [122609000.0, 0.0817631], [122654000.0, 9.958e-05], [122776000.0, 0.00848493], [122777000.0, 0.03007086], [122786000.0, 0.00032565]]},
{"timestamp": 1743771608108, "bids": [[122361000.0, 0.0312], [122360000.0, 0.001], [122301000.0, 0.01867382], [122300000.0, 0.01561776], [122224000.0, 0.0056828], [122129000.0, 0.00805112], [122128000.0, 0.00040958], [122105000.0, 0.00040965], [122048000.0, 0.03], [122047000.0, 0.02718747]], "asks": [[122549000.0, 0.050467], [122550000.0, 0.0057], [122557000.0, 0.00040782], [122562000.0, 0.02435], [122581000.0, 0.00040774], [122609000.0, 0.0817631], [122654000.0, 9.958e-05], [122776000.0, 0.00848493], [122777000.0, 0.03007086], [122786000.0, 0.00032565]]},
{"timestamp": 1743771608108, "bids": [[122361000.0, 0.0312], [122360000.0, 0.001], [122301000.0, 0.00877024], [122300000.0, 0.01561776], [122224000.0, 0.0056828], [122129000.0, 0.00805112], [122128000.0, 0.00040958], [122105000.0, 0.00040965], [122048000.0, 0.03], [122047000.0, 0.02718747]], "asks": [[122549000.0, 0.050467], [122550000.0, 0.0057], [122557000.0, 0.00040782], [122562000.0, 0.02435], [122581000.0, 0.00040774], [122609000.0, 0.0817631], [122654000.0, 9.958e-05], [122776000.0, 0.00848493], [122777000.0, 0.03007086], [122786000.0, 0.00032565]]},
{"timestamp": 1743771608108, "bids": [[122364000.0, 0.0654], [122361000.0, 0.0312], [122360000.0, 0.001], [122301000.0, 0.00877024], [122300000.0, 0.01561776], [122224000.0, 0.0056828], [122129000.0, 0.00805112], [122128000.0, 0.00040958], [122105000.0, 0.00040965], [122048000.0, 0.03]], "asks": [[122549000.0, 0.050467], [122550000.0, 0.0057], [122557000.0, 0.00040782], [122562000.0, 0.02435], [122581000.0, 0.00040774], [122609000.0, 0.0817631], [122654000.0, 9.958e-05], [122776000.0, 0.00848493], [122777000.0, 0.03007086], [122786000.0, 0.00032565]]},
{"timestamp": 1743771608108, "bids": [[122364000.0, 0.0654], [122361000.0, 0.0312], [122360000.0, 0.001], [122301000.0, 0.00877024], [122300000.0, 0.01561776], [122224000.0, 0.0056828], [122129000.0, 0.00805112], [122128000.0, 0.00040958], [122105000.0, 0.00040965], [122048000.0, 0.03]], "asks": [[122549000.0, 0.050467], [122550000.0, 0.0057], [122557000.0, 0.00040782], [122562000.0, 0.02435], [122581000.0, 0.00040774], [122609000.0, 0.0817631], [122654000.0, 9.958e-05], [122776000.0, 0.00848493], [122777000.0, 0.03007086], [122786000.0, 0.00032565]]},
{"timestamp": 1743771608108, "bids": [[122364000.0, 0.0654], [122361000.0, 0.0312], [122360000.0, 0.001], [122301000.0, 0.00877024], [122300000.0, 0.01561776], [122129000.0, 0.00805112], [122128000.0, 0.00040958], [122105000.0, 0.00040965], [122048000.0, 0.03], [122047000.0, 0.02718747]], "asks": [[122549000.0, 0.050467], [122550000.0, 0.0057], [122557000.0, 0.00040782], [122562000.0, 0.02435], [122581000.0, 0.00040774], [122609000.0, 0.0817631], [122654000.0, 9.958e-05], [122776000.0, 0.00848493], [122777000.0, 0.03007086], [122786000.0, 0.00032565]]},
{"timestamp": 1743771608309, "bids": [[122547000.0, 0.00129034], [122364000.0, 0.0654], [122361000.0, 0.0312], [122360000.0, 0.001], [122301000.0, 0.00877024], [122300000.0, 0.01561776], [122129000.0, 0.00805112], [122128000.0, 0.00040958], [122105000.0, 0.00040965], [122048000.0, 0.03]], "asks": [[122549000.0, 0.050467], [122550000.0, 0.0057], [122557000.0, 0.00040782], [122562000.0, 0.02435], [122581000.0, 0.00040774], [122609000.0, 0.0817631], [122654000.0, 9.958e-05], [122776000.0, 0.00848493], [122777000.0, 0.03007086], [122786000.0, 0.00032565]]},
{"timestamp": 1743771608309, "bids": [[122547000.0, 0.00129034], [122364000.0, 0.0654], [122361000.0, 0.0312], [122360000.0, 0.001], [122301000.0, 0.00877024], [122300000.0, 0.01561776], [122129000.0, 0.00805112], [122128000.0, 0.00040958], [122105000.0, 0.00040965], [122048000.0, 0.03]], "asks": [[122549000.0, 0.050467], [122550000.0, 0.0057], [122557000.0, 0.00040782], [122562000.0, 0.02435], [122581000.0, 0.00040774], [122609000.0, 0.0817631], [122654000.0, 9.958e-05], [122656000.0, 0.05], [122776000.0, 0.00848493], [122777000.0, 0.03007086]]},
{"timestamp": 1743771608309, "bids": [[122547000.0, 0.00129034], [122364000.0, 0.0654], [122361000.0, 0.0312], [122360000.0, 0.001], [122301000.0, 0.00877024], [122300000.0, 0.01561776], [122129000.0, 0.00805112], [122128000.0, 0.00040958], [122105000.0, 0.00040965], [122048000.0, 0.03]], "asks": [[122549000.0, 0.050467], [122550000.0, 0.0057], [122557000.0, 0.00040782], [122562000.0, 0.02435], [122581000.0, 0.00040774], [122609000.0, 0.0817631], [122656000.0, 0.05], [122776000.0, 0.00848493], [122777000.0, 0.03007086], [122786000.0, 0.00032565]]},
{"timestamp": 1743771608478, "bids": [[122547000.0, 0.00129034], [122364000.0, 0.0654], [122361000.0, 0.0312], [122360000.0, 0.001], [122301000.0, 0.00877024], [122300000.0, 0.01561776], [122130000.0, 0.00504718], [122129000.0, 0.00805112], [122128000.0, 0.00040958], [122105000.0, 0.00040965]], "asks": [[122549000.0, 0.050467], [122550000.0, 0.0057], [122557000.0, 0.00040782], [122562000.0, 0.02435], [122581000.0, 0.00040774], [122609000.0, 0.0817631], [122656000.0, 0.05], [122776000.0, 0.00848493], [122777000.0, 0.03007086], [122786000.0, 0.00032565]]},
{"timestamp": 1743771608478, "bids": [[122547000.0, 0.00129034], [122364000.0, 0.0654], [122361000.0, 0.0312], [122360000.0, 0.001], [122301000.0, 0.00877024], [122300000.0, 0.01561776], [122130000.0, 0.00504718], [122129000.0, 0.00805112], [122128000.0, 0.00040958], [122105000.0, 0.00040965]], "asks": [[122549000.0, 0.050467], [122550000.0, 0.0057], [122557000.0, 0.00040782], [122562000.0, 0.02435], [122581000.0, 0.00040774], [122609000.0, 0.0817631], [122656000.0, 0.05], [122777000.0, 0.03007086], [122786000.0, 0.00032565], [122839000.0, 0.00200644]]},
{"timestamp": 1743771608478, "bids": [[122547000.0, 0.00129034], [122364000.0, 0.0654], [122361000.0, 0.0312], [122360000.0, 0.001], [122301000.0, 0.00877024], [122300000.0, 0.01561776], [122130000.0, 0.00504718], [122129000.0, 0.00805112], [122128000.0, 0.00040958], [122105000.0, 0.00040965]], "asks": [[122549000.0, 0.050467], [122550000.0, 0.0057], [122557000.0, 0.00040782], [122562000.0, 0.02435], [122581000.0, 0.00040774], [122609000.0, 0.0817631], [122656000.0, 0.05], [122776000.0, 4.994e-05], [122777000.0, 0.03007086], [122786000.0, 0.00032565]]},
{"timestamp": 1743771608740, "bids": [[122547000.0, 0.00129034], [122364000.0, 0.0654], [122361000.0, 0.0312], [122360000.0, 0.001], [122352000.0, 0.1], [122301000.0, 0.00877024], [122300000.0, 0.01561776], [122130000.0, 0.00504718], [122129000.0, 0.00805112], [122128000.0, 0.00040958]], "asks": [[122549000.0, 0.050467], [122550000.0, 0.0057], [122557000.0, 0.00040782], [122562000.0, 0.02435], [122581000.0, 0.00040774], [122609000.0, 0.0817631], [122656000.0, 0.05], [122776000.0, 4.994e-05], [122777000.0, 0.03007086], [122786000.0, 0.00032565]]},
{"timestamp": 1743771608740, "bids": [[122547000.0, 0.00129034], [122364000.0, 0.0654], [122361000.0, 0.0312], [122360000.0, 0.001], [122352000.0, 0.1], [122301000.0, 0.00877024], [122300000.0, 0.01561776], [122130000.0, 0.00504718], [122129000.0, 0.00805112], [122128000.0, 0.00040958]], "asks": [[122549000.0, 0.050467], [122550000.0, 0.0057], [122557000.0, 0.00040782], [122562000.0, 0.02435], [122581000.0, 0.00040774], [122609000.0, 0.0817631], [122656000.0, 0.05], [122693000.0, 0.1], [122776000.0, 4.994e-05], [122777000.0, 0.03007086]]},
{"timestamp": 1743771608740, "bids": [[122547000.0, 0.00129034], [122364000.0, 0.0654], [122361000.0, 0.0312], [122360000.0, 0.001], [122352000.0, 0.1], [122301000.0, 0.00877024], [122300000.0, 0.01561776], [122130000.0, 0.00504718], [122129000.0, 0.00805112], [122128000.0, 0.00040958]], "asks": [[122549000.0, 0.050467], [122550000.0, 0.0057], [122557000.0, 0.00040782], [122562000.0, 0.02435], [122581000.0, 0.00040774], [122609000.0, 0.0817631], [122656000.0, 0.05], [122693000.0, 0.1], [122777000.0, 0.03007086], [122786000.0, 0.00032565]]},
{"timestamp": 1743771608740, "bids": [[122547000.0, 0.00129034], [122364000.0, 0.0654], [122361000.0, 0.0312], [122360000.0, 0.001], [122352000.0, 0.1], [122301000.0, 0.00877024], [122300000.0, 0.01561776], [122129000.0, 0.00805112], [122128000.0, 0.00040958], [122105000.0, 0.00040965]], "asks": [[122549000.0, 0.050467], [122550000.0, 0.0057], [122557000.0, 0.00040782], [122562000.0, 0.02435], [122581000.0, 0.00040774], [122609000.0, 0.0817631], [122656000.0, 0.05], [122693000.0, 0.1], [122777000.0, 0.03007086], [122786000.0, 0.00032565]]},
{"timestamp": 1743771608878, "bids": [[122547000.0, 0.00129034], [122364000.0, 0.0654], [122361000.0, 0.0312], [122360000.0, 0.001], [122352000.0, 0.1], [122301000.0, 0.00877024], [122300000.0, 0.01561776], [122129000.0, 0.00805112], [122128000.0, 0.00040958], [122105000.0, 0.00040965]], "asks": [[122549000.0, 0.050467], [122550000.0, 0.0057], [122557000.0, 0.00040782], [122562000.0, 0.02435], [122581000.0, 0.00040774], [122609000.0, 0.0817631], [122656000.0, 0.05], [122693000.0, 0.1], [122776000.0, 0.01990236], [122777000.0, 0.03007086]]},
{"timestamp": 1743771608878, "bids": [[122547000.0, 0.00129034], [122364000.0, 0.0654], [122361000.0, 0.0312], [122360000.0, 0.001], [122352000.0, 0.1], [122301000.0, 0.01850608], [122300000.0, 0.01561776], [122129000.0, 0.00805112], [122128000.0, 0.00040958], [122105000.0, 0.00040965]], "asks": [[122549000.0, 0.050467], [122550000.0, 0.0057], [122557000.0, 0.00040782], [122562000.0, 0.02435], [122581000.0, 0.00040774], [122609000.0, 0.0817631], [122656000.0, 0.05], [122693000.0, 0.1], [122776000.0, 0.01990236], [122777000.0, 0.03007086]]},
{"timestamp": 1743771608878, "bids": [[122547000.0, 0.00129034], [122364000.0, 0.0654], [122361000.0, 0.0312], [122360000.0, 0.001], [122352000.0, 0.1], [122301000.0, 0.00973584], [122300000.0, 0.01561776], [122129000.0, 0.00805112], [122128000.0, 0.00040958], [122105000.0, 0.00040965]], "asks": [[122549000.0, 0.050467], [122550000.0, 0.0057], [122557000.0, 0.00040782], [122562000.0, 0.02435], [122581000.0, 0.00040774], [122609000.0, 0.0817631], [122656000.0, 0.05], [122693000.0, 0.1], [122776000.0, 0.01990236], [122777000.0, 0.03007086]]},
{"timestamp": 1743771609096, "bids": [[122547000.0, 0.00129034], [122364000.0, 0.0654], [122361000.0, 0.0312], [122360000.0, 0.001], [122353000.0, 0.00875142], [122352000.0, 0.1], [122301000.0, 0.00973584], [122300000.0, 0.01561776], [122129000.0, 0.00805112], [122128000.0, 0.00040958]], "asks": [[122549000.0, 0.050467], [122550000.0, 0.0057], [122557000.0, 0.00040782], [122562000.0, 0.02435], [122581000.0, 0.00040774], [122609000.0, 0.0817631], [122656000.0, 0.05], [122693000.0, 0.1], [122776000.0, 0.01990236], [122777000.0, 0.03007086]]},
{"timestamp": 1743771609096, "bids": [[122547000.0, 0.00129034], [122364000.0, 0.0654], [122361000.0, 0.0312], [122360000.0, 0.001], [122353000.0, 0.00875142], [122352000.0, 0.1], [122301000.0, 0.00973584], [122300000.0, 0.01561776], [122242000.0, 0.00624721], [122129000.0, 0.00805112]], "asks": [[122549000.0, 0.050467], [122550000.0, 0.0057], [122557000.0, 0.00040782], [122562000.0, 0.02435], [122581000.0, 0.00040774], [122609000.0, 0.0817631], [122656000.0, 0.05], [122693000.0, 0.1], [122776000.0, 0.01990236], [122777000.0, 0.03007086]]},
{"timestamp": 1743771609096, "bids": [[122547000.0, 0.00129034], [122364000.0, 0.0654], [122361000.0, 0.0312], [122360000.0, 0.001], [122353000.0, 0.00875142], [122352000.0, 0.1], [122300000.0, 0.01561776], [122242000.0, 0.00624721], [122129000.0, 0.00805112], [122128000.0, 0.00040958]], "asks": [[122549000.0, 0.050467], [122550000.0, 0.0057], [122557000.0, 0.00040782], [122562000.0, 0.02435], [122581000.0, 0.00040774], [122609000.0, 0.0817631], [122656000.0, 0.05], [122693000.0, 0.1], [122776000.0, 0.01990236], [122777000.0, 0.03007086]]},
{"timestamp": 1743771609096, "bids": [[122547000.0, 0.00129034], [122361000.0, 0.0312], [122360000.0, 0.001], [122353000.0, 0.00875142], [122352000.0, 0.1], [122300000.0, 0.01561776], [122242000.0, 0.00624721], [122129000.0, 0.00805112], [122128000.0, 0.00040958], [122105000.0, 0.00040965]], "asks": [[122549000.0, 0.050467], [122550000.0, 0.0057], [122557000.0, 0.00040782], [122562000.0, 0.02435], [122581000.0, 0.00040774], [122609000.0, 0.0817631], [122656000.0, 0.05], [122693000.0, 0.1], [122776000.0, 0.01990236], [122777000.0, 0.03007086]]},
{"timestamp": 1743771609282, "bids": [[122547000.0, 0.00129034], [122361000.0, 0.0312], [122360000.0, 0.001], [122353000.0, 0.00875142], [122352000.0, 0.1], [122300000.0, 0.01561776], [122242000.0, 0.00624721], [122129000.0, 0.00805112], [122128000.0, 0.00040958], [122105000.0, 0.00040965]], "asks": [[122549000.0, 0.050467], [122550000.0, 0.0057], [122557000.0, 0.00040782], [122562000.0, 0.02435], [122581000.0, 0.00040774], [122609000.0, 0.0817631], [122655000.0, 9.97e-05], [122656000.0, 0.05], [122693000.0, 0.1], [122776000.0, 0.01990236]]},
{"timestamp": 1743771609282, "bids": [[122547000.0, 0.00129034], [122361000.0, 0.0312], [122360000.0, 0.001], [122353000.0, 0.00875142], [122352000.0, 0.1], [122300000.0, 0.01561776], [122242000.0, 0.00624721], [122129000.0, 0.00805112], [122128000.0, 0.00040958], [122105000.0, 0.00040965]], "asks": [[122549000.0, 0.050467], [122550000.0, 0.0057], [122557000.0, 0.00040782], [122562000.0, 0.02435], [122581000.0, 0.00040774], [122609000.0, 0.0817631], [122655000.0, 9.97e-05], [122656000.0, 0.05], [122693000.0, 0.1], [122777000.0, 0.03007086]]},
{"timestamp": 1743771609699, "bids": [[122547000.0, 0.00129034], [122361000.0, 0.0312], [122360000.0, 0.001], [122353000.0, 0.00875142], [122300000.0, 0.01561776], [122242000.0, 0.00624721], [122129000.0, 0.00805112], [122128000.0, 0.00040958], [122105000.0, 0.00040965], [122048000.0, 0.03]], "asks": [[122549000.0, 0.050467], [122550000.0, 0.0057], [122557000.0, 0.00040782], [122562000.0, 0.02435], [122581000.0, 0.00040774], [122609000.0, 0.0817631], [122655000.0, 9.97e-05], [122656000.0, 0.05], [122693000.0, 0.1], [122777000.0, 0.03007086]]},
{"timestamp": 1743771609699, "bids": [[122547000.0, 0.00129034], [122361000.0, 0.0312], [122360000.0, 0.001], [122353000.0, 0.00875142], [122300000.0, 0.01561776], [122242000.0, 0.00624721], [122129000.0, 0.00805112], [122128000.0, 0.00040958], [122105000.0, 0.00040965], [122047000.0, 0.02718747]], "asks": [[122549000.0, 0.050467], [122550000.0, 0.0057], [122557000.0, 0.00040782], [122562000.0, 0.02435], [122581000.0, 0.00040774], [122609000.0, 0.0817631], [122655000.0, 9.97e-05], [122656000.0, 0.05], [122693000.0, 0.1], [122777000.0, 0.03007086]]},
{"timestamp": 1743771609908, "bids": [[122547000.0, 0.00129034], [122361000.0, 0.0312], [122360000.0, 0.001], [122353000.0, 0.00875142], [122300000.0, 0.01561776], [122242000.0, 0.00624721], [122129000.0, 0.00805112], [122128000.0, 0.00040958], [122105000.0, 0.00040965], [122047000.0, 0.02718747]], "asks": [[122549000.0, 0.050467], [122550000.0, 0.0057], [122557000.0, 0.00040782], [122562000.0, 0.02435], [122581000.0, 0.00040774], [122609000.0, 0.0817631], [122655000.0, 9.97e-05], [122656000.0, 0.05], [122693000.0, 0.1], [122775000.0, 0.01688769]]},
{"timestamp": 1743771609908, "bids": [[122547000.0, 0.00129034], [122361000.0, 0.0312], [122360000.0, 0.001], [122300000.0, 0.01561776], [122242000.0, 0.00624721], [122129000.0, 0.00805112], [122128000.0, 0.00040958], [122105000.0, 0.00040965], [122047000.0, 0.02718747], [122001000.0, 0.06600898]], "asks": [[122549000.0, 0.050467], [122550000.0, 0.0057], [122557000.0, 0.00040782], [122562000.0, 0.02435], [122581000.0, 0.00040774], [122609000.0, 0.0817631], [122655000.0, 9.97e-05], [122656000.0, 0.05], [122693000.0, 0.1], [122775000.0, 0.01688769]]},
{"timestamp": 1743771610065, "bids": [[122547000.0, 0.00129034], [122361000.0, 0.0312], [122360000.0, 0.001], [122300000.0, 0.01561776], [122242000.0, 0.00624721], [122129000.0, 0.00805112], [122128000.0, 0.00040958], [122105000.0, 0.00040965], [122047000.0, 0.02718747], [122001000.0, 0.06600898]], "asks": [[122549000.0, 0.050467], [122550000.0, 0.0057], [122557000.0, 0.00040782], [122562000.0, 0.02435], [122581000.0, 0.00040774], [122609000.0, 0.0817631], [122655000.0, 9.97e-05], [122656000.0, 0.05], [122692000.0, 0.01991503], [122693000.0, 0.1]]},
{"timestamp": 1743771610264, "bids": [[122547000.0, 0.00129034], [122361000.0, 0.0312], [122360000.0, 0.001], [122301000.0, 0.00477356], [122300000.0, 0.01561776], [122242000.0, 0.00624721], [122129000.0, 0.00805112], [122128000.0, 0.00040958], [122105000.0, 0.00040965], [122047000.0, 0.02718747]], "asks": [[122549000.0, 0.050467], [122550000.0, 0.0057], [122557000.0, 0.00040782], [122562000.0, 0.02435], [122581000.0, 0.00040774], [122609000.0, 0.0817631], [122655000.0, 9.97e-05], [122656000.0, 0.05], [122692000.0, 0.01991503], [122693000.0, 0.1]]},
{"timestamp": 1743771610264, "bids": [[122547000.0, 0.00129034], [122361000.0, 0.0312], [122360000.0, 0.001], [122301000.0, 0.01353923], [122300000.0, 0.01561776], [122242000.0, 0.00624721], [122129000.0, 0.00805112], [122128000.0, 0.00040958], [122105000.0, 0.00040965], [122047000.0, 0.02718747]], "asks": [[122549000.0, 0.050467], [122550000.0, 0.0057], [122557000.0, 0.00040782], [122562000.0, 0.02435], [122581000.0, 0.00040774], [122609000.0, 0.0817631], [122655000.0, 9.97e-05], [122656000.0, 0.05], [122692000.0, 0.01991503], [122693000.0, 0.1]]},
{"timestamp": 1743771610264, "bids": [[122547000.0, 0.00129034], [122361000.0, 0.0312], [122360000.0, 0.001], [122301000.0, 0.01353923], [122300000.0, 0.01561776], [122242000.0, 0.00624721], [122129000.0, 0.00805112], [122128000.0, 0.00040958], [122105000.0, 0.00040965], [122047000.0, 0.02718747]], "asks": [[122549000.0, 0.050467], [122550000.0, 0.0057], [122557000.0, 0.00040782], [122562000.0, 0.02435], [122581000.0, 0.00040774], [122609000.0, 0.0817631], [122655000.0, 9.97e-05], [122656000.0, 0.05], [122692000.0, 0.01991503], [122693000.0, 0.1]]},
{"timestamp": 1743771610264, "bids": [[122547000.0, 0.00129034], [122361000.0, 0.0312], [122360000.0, 0.001], [122301000.0, 0.01353923], [122300000.0, 0.01561776], [122242000.0, 0.00624721], [122129000.0, 0.00805112], [122128000.0, 0.00040958], [122105000.0, 0.00040965], [122047000.0, 0.02718747]], "asks": [[122549000.0, 0.050467], [122550000.0, 0.0057], [122557000.0, 0.00040782], [122562000.0, 0.02435], [122581000.0, 0.00040774], [122609000.0, 0.0817631], [122655000.0, 9.97e-05], [122656000.0, 0.05], [122692000.0, 0.01991503], [122693000.0, 0.1]]},
{"timestamp": 1743771610264, "bids": [[122547000.0, 0.00129034], [122361000.0, 0.0312], [122360000.0, 0.001], [122301000.0, 0.01353923], [122300000.0, 0.01561776], [122242000.0, 0.00624721], [122129000.0, 0.00805112], [122128000.0, 0.00040958], [122105000.0, 0.00040965], [122047000.0, 0.02718747]], "asks": [[122549000.0, 0.050467], [122550000.0, 0.0057], [122557000.0, 0.00040782], [122562000.0, 0.02435], [122581000.0, 0.00040774], [122609000.0, 0.0817631], [122655000.0, 9.97e-05], [122656000.0, 0.05], [122692000.0, 0.01991503], [122693000.0, 0.1]]},
{"timestamp": 1743771610265, "bids": [[122547000.0, 0.00129034], [122361000.0, 0.0312], [122360000.0, 0.001], [122301000.0, 0.01353923], [122300000.0, 0.01561776], [122242000.0, 0.00624721], [122129000.0, 0.00805112], [122128000.0, 0.00040958], [122105000.0, 0.00040965], [122047000.0, 0.02718747]], "asks": [[122549000.0, 0.050467], [122550000.0, 0.0057], [122557000.0, 0.00040782], [122562000.0, 0.02435], [122581000.0, 0.00040774], [122609000.0, 0.0817631], [122655000.0, 9.97e-05], [122656000.0, 0.05], [122692000.0, 0.01991503], [122693000.0, 0.1]]},
{"timestamp": 1743771610265, "bids": [[122547000.0, 0.00129034], [122361000.0, 0.0312], [122360000.0, 0.001], [122301000.0, 0.01353923], [122300000.0, 0.01561776], [122242000.0, 0.00624721], [122129000.0, 0.00805112], [122128000.0, 0.00040958], [122105000.0, 0.00040965], [122047000.0, 0.02718747]], "asks": [[122549000.0, 0.050467], [122550000.0, 0.0057], [122557000.0, 0.00040782], [122562000.0, 0.02435], [122581000.0, 0.00040774], [122609000.0, 0.0817631], [122655000.0, 9.97e-05], [122656000.0, 0.05], [122692000.0, 0.01991503], [122693000.0, 0.1]]},
{"timestamp": 1743771610265, "bids": [[122547000.0, 0.00129034], [122361000.0, 0.0312], [122360000.0, 0.001], [122301000.0, 0.01353923], [122300000.0, 0.01561776], [122242000.0, 0.00624721], [122129000.0, 0.00805112], [122128000.0, 0.00040958], [122105000.0, 0.00040965], [122047000.0, 0.02718747]], "asks": [[122549000.0, 0.050467], [122550000.0, 0.0057], [122557000.0, 0.00040782], [122562000.0, 0.02435], [122581000.0, 0.00040774], [122609000.0, 0.0817631], [122655000.0, 9.97e-05], [122656000.0, 0.05], [122692000.0, 0.01991503], [122693000.0, 0.1]]},
