[
{"timestamp": 1743771209674, "bids": [[122401000.0, 0.00223011], [122380000.0, 0.0654], [122368000.0, 0.1], [122360000.0, 0.001], [122357000.0, 0.0052], [122351000.0, 0.0238], [122239000.0, 0.02754326], [122238000.0, 0.0312], [122215000.0, 0.00373187], [122055000.0, 0.00805195]], "asks": [[122402000.0, 0.00040833], [122510000.0, 0.005], [122518000.0, 0.0191], [122524000.0, 0.00515], [122645000.0, 0.02532268], [122646000.0, 0.0817631], [122777000.0, 0.03007086], [122786000.0, 0.00032565], [122839000.0, 0.00200644], [122928000.0, 0.0315]]},
{"timestamp": 1743771209873, "bids": [[122401000.0, 0.00223011], [122380000.0, 0.0654], [122368000.0, 0.1], [122360000.0, 0.001], [122357000.0, 0.0052], [122351000.0, 0.0238], [122239000.0, 0.02754326], [122238000.0, 0.0312], [122215000.0, 0.00373187], [122055000.0, 0.00805195]], "asks": [[122402000.0, 0.00040833], [122510000.0, 0.005], [122518000.0, 0.0191], [122524000.0, 0.00515], [122645000.0, 0.02532268], [122646000.0, 0.0817631], [122777000.0, 0.03007086], [122786000.0, 0.00032565], [122808000.0, 0.00490965], [122839000.0, 0.00200644]]},
{"timestamp": 1743771209873, "bids": [[122401000.0, 0.00223011], [122380000.0, 0.0654], [122368000.0, 0.1], [122360000.0, 0.001], [122357000.0, 0.0052], [122351000.0, 0.0238], [122299000.0, 0.01653534], [122239000.0, 0.02754326], [122238000.0, 0.0312], [122215000.0, 0.00373187]], "asks": [[122402000.0, 0.00040833], [122510000.0, 0.005], [122518000.0, 0.0191], [122524000.0, 0.00515], [122645000.0, 0.02532268], [122646000.0, 0.0817631], [122777000.0, 0.03007086], [122786000.0, 0.00032565], [122808000.0, 0.00490965], [122839000.0, 0.00200644]]},
{"timestamp": 1743771209873, "bids": [[122401000.0, 0.00223011], [122380000.0, 0.0654], [122360000.0, 0.001], [122357000.0, 0.0052], [122351000.0, 0.0238], [122299000.0, 0.01653534], [122239000.0, 0.02754326], [122238000.0, 0.0312], [122215000.0, 0.00373187], [122055000.0, 0.00805195]], "asks": [[122402000.0, 0.00040833], [122510000.0, 0.005], [122518000.0, 0.0191], [122524000.0, 0.00515], [122645000.0, 0.02532268], [122646000.0, 0.0817631], [122777000.0, 0.03007086], [122786000.0, 0.00032565], [122808000.0, 0.00490965], [122839000.0, 0.00200644]]},
{"timestamp": 1743771209873, "bids": [[122401000.0, 0.00223011], [122380000.0, 0.0654], [122360000.0, 0.001], [122357000.0, 0.0052], [122351000.0, 0.0238], [122299000.0, 0.01653534], [122239000.0, 0.03741181], [122238000.0, 0.0312], [122215000.0, 0.00373187], [122055000.0, 0.00805195]], "asks": [[122402000.0, 0.00040833], [122510000.0, 0.005], [122518000.0, 0.0191], [122524000.0, 0.00515], [122645000.0, 0.02532268], [122646000.0, 0.0817631], [122777000.0, 0.03007086], [122786000.0, 0.00032565], [122808000.0, 0.00490965], [122839000.0, 0.00200644]]},
{"timestamp": 1743771209873, "bids": [[122401000.0, 0.00223011], [122380000.0, 0.0654], [122360000.0, 0.001], [122357000.0, 0.0052], [122351000.0, 0.0238], [122299000.0, 0.01653534], [122239000.0, 0.03741181], [122238000.0, 0.0312], [122215000.0, 0.00373187], [122055000.0, 0.00805195]], "asks": [[122402000.0, 0.00040833], [122510000.0, 0.005], [122518000.0, 0.0191], [122524000.0, 0.00515], [122645000.0, 0.02532268], [122646000.0, 0.0817631], [122671000.0, 0.05], [122777000.0, 0.03007086], [122786000.0, 0.00032565], [122808000.0, 0.00490965]]},
{"timestamp": 1743771209873, "bids": [[122401000.0, 0.00223011], [122380000.0, 0.0654], [122360000.0, 0.001], [122357000.0, 0.0052], [122351000.0, 0.0238], [122299000.0, 0.01653534], [122239000.0, 0.03741181], [122238000.0, 0.0312], [122215000.0, 0.00373187], [122055000.0, 0.00805195]], "asks": [[122402000.0, 0.00040833], [122510000.0, 0.005], [122518000.0, 0.0191], [122524000.0, 0.00515], [122645000.0, 0.02532268], [122646000.0, 0.0817631], [122671000.0, 0.05], [122777000.0, 0.03007086], [122786000.0, 0.00032565], [122808000.0, 0.00490965]]},
{"timestamp": 1743771210094, "bids": [[122401000.0, 0.00223011], [122380000.0, 0.0654], [122360000.0, 0.001], [122357000.0, 0.0052], [122351000.0, 0.0238], [122299000.0, 0.01653534], [122239000.0, 0.02754326], [122238000.0, 0.0312], [122215000.0, 0.00373187], [122055000.0, 0.00805195]], "asks": [[122402000.0, 0.00040833], [122510000.0, 0.005], [122518000.0, 0.0191], [122524000.0, 0.00515], [122645000.0, 0.02532268], [122646000.0, 0.0817631], [122671000.0, 0.05], [122777000.0, 0.03007086], [122786000.0, 0.00032565], [122808000.0, 0.00490965]]},
{"timestamp": 1743771210094, "bids": [[122401000.0, 0.00223011], [122380000.0, 0.0654], [122360000.0, 0.001], [122357000.0, 0.0052], [122351000.0, 0.0238], [122299000.0, 0.01653534], [122239000.0, 0.02754326], [122238000.0, 0.0312], [122215000.0, 0.00373187], [122055000.0, 0.00805195]], "asks": [[122402000.0, 0.00040833], [122510000.0, 0.005], [122518000.0, 0.0191], [122524000.0, 0.00515], [122645000.0, 0.02532268], [122646000.0, 0.0817631], [122671000.0, 0.05], [122708000.0, 0.1], [122777000.0, 0.03007086], [122786000.0, 0.00032565]]},
{"timestamp": 1743771210280, "bids": [[122401000.0, 0.00223011], [122380000.0, 0.0654], [122360000.0, 0.001], [122357000.0, 0.0052], [122351000.0, 0.0238], [122299000.0, 0.01653534], [122239000.0, 0.02754326], [122238000.0, 0.0312], [122215000.0, 0.00373187], [122055000.0, 0.00805195]], "asks": [[122402000.0, 0.00040833], [122510000.0, 0.005], [122516000.0, 0.050467], [122518000.0, 0.0191], [122524000.0, 0.00515], [122645000.0, 0.02532268], [122646000.0, 0.0817631], [122671000.0, 0.05], [122708000.0, 0.1], [122777000.0, 0.03007086]]},
{"timestamp": 1743771210280, "bids": [[122401000.0, 0.00223011], [122380000.0, 0.0654], [122360000.0, 0.001], [122357000.0, 0.0052], [122351000.0, 0.0238], [122299000.0, 0.01653534], [122239000.0, 0.02754326], [122238000.0, 0.0312], [122215000.0, 0.00373187], [122055000.0, 0.00805195]], "asks": [[122402000.0, 0.00040833], [122510000.0, 0.005], [122516000.0, 0.050467], [122518000.0, 0.0191], [122524000.0, 0.00515], [122645000.0, 0.02532268], [122646000.0, 0.0817631], [122671000.0, 0.05], [122708000.0, 0.1], [122776000.0, 0.03817894]]},
{"timestamp": 1743771210492, "bids": [[122401000.0, 0.00223011], [122380000.0, 0.0654], [122360000.0, 0.001], [122351000.0, 0.0238], [122299000.0, 0.01653534], [122239000.0, 0.02754326], [122238000.0, 0.0312], [122215000.0, 0.00373187], [122055000.0, 0.00805195], [122001000.0, 0.00170898]], "asks": [[122402000.0, 0.00040833], [122510000.0, 0.005], [122516000.0, 0.050467], [122518000.0, 0.0191], [122524000.0, 0.00515], [122645000.0, 0.02532268], [122646000.0, 0.0817631], [122671000.0, 0.05], [122708000.0, 0.1], [122776000.0, 0.03817894]]},
{"timestamp": 1743771210492, "bids": [[122401000.0, 0.00223011], [122380000.0, 0.0654], [122360000.0, 0.001], [122299000.0, 0.01653534], [122239000.0, 0.02754326], [122238000.0, 0.0312], [122215000.0, 0.00373187], [122055000.0, 0.00805195], [122001000.0, 0.00170898], [122000000.0, 0.02426357]], "asks": [[122402000.0, 0.00040833], [122510000.0, 0.005], [122516000.0, 0.050467], [122518000.0, 0.0191], [122524000.0, 0.00515], [122645000.0, 0.02532268], [122646000.0, 0.0817631], [122671000.0, 0.05], [122708000.0, 0.1], [122776000.0, 0.03817894]]},
{"timestamp": 1743771210492, "bids": [[122401000.0, 0.00223011], [122380000.0, 0.0654], [122379000.0, 0.006], [122360000.0, 0.001], [122299000.0, 0.01653534], [122239000.0, 0.02754326], [122238000.0, 0.0312], [122215000.0, 0.00373187], [122055000.0, 0.00805195], [122001000.0, 0.00170898]], "asks": [[122402000.0, 0.00040833], [122510000.0, 0.005], [122516000.0, 0.050467], [122518000.0, 0.0191], [122524000.0, 0.00515], [122645000.0, 0.02532268], [122646000.0, 0.0817631], [122671000.0, 0.05], [122708000.0, 0.1], [122776000.0, 0.03817894]]},
{"timestamp": 1743771210492, "bids": [[122401000.0, 0.00223011], [122380000.0, 0.0654], [122379000.0, 0.006], [122360000.0, 0.001], [122299000.0, 0.01653534], [122239000.0, 0.02754326], [122238000.0, 0.0312], [122215000.0, 0.00373187], [122055000.0, 0.00805195], [122001000.0, 0.00170898]], "asks": [[122402000.0, 0.00040833], [122510000.0, 0.005], [122516000.0, 0.050467], [122518000.0, 0.0191], [122524000.0, 0.00515], [122645000.0, 0.02532268], [122646000.0, 0.0817631], [122708000.0, 0.1], [122776000.0, 0.03817894], [122777000.0, 0.03007086]]},
{"timestamp": 1743771210492, "bids": [[122401000.0, 0.00223011], [122380000.0, 0.0654], [122379000.0, 0.006], [122360000.0, 0.001], [122299000.0, 0.01653534], [122239000.0, 0.02754326], [122238000.0, 0.0312], [122215000.0, 0.00373187], [122055000.0, 0.00805195], [122001000.0, 0.00170898]], "asks": [[122402000.0, 0.00040833], [122510000.0, 0.005], [122518000.0, 0.0191], [122524000.0, 0.00515], [122645000.0, 0.02532268], [122646000.0, 0.0817631], [122708000.0, 0.1], [122776000.0, 0.03817894], [122777000.0, 0.03007086], [122786000.0, 0.00032565]]},
{"timestamp": 1743771210951, "bids": [[122401000.0, 0.00223011], [122380000.0, 0.0654], [122379000.0, 0.006], [122368000.0, 0.1], [122360000.0, 0.001], [122299000.0, 0.01653534], [122239000.0, 0.02754326], [122238000.0, 0.0312], [122215000.0, 0.00373187], [122055000.0, 0.00805195]], "asks": [[122402000.0, 0.00040833], [122510000.0, 0.005], [122518000.0, 0.0191], [122524000.0, 0.00515], [122645000.0, 0.02532268], [122646000.0, 0.0817631], [122708000.0, 0.1], [122776000.0, 0.03817894], [122777000.0, 0.03007086], [122786000.0, 0.00032565]]},
{"timestamp": 1743771211096, "bids": [[122401000.0, 0.00223011], [122380000.0, 0.0654], [122379000.0, 0.006], [122368000.0, 0.1], [122360000.0, 0.001], [122300000.0, 0.00990252], [122299000.0, 0.01653534], [122239000.0, 0.02754326], [122238000.0, 0.0312], [122215000.0, 0.00373187]], "asks": [[122402000.0, 0.00040833], [122510000.0, 0.005], [122518000.0, 0.0191], [122524000.0, 0.00515], [122645000.0, 0.02532268], [122646000.0, 0.0817631], [122708000.0, 0.1], [122776000.0, 0.03817894], [122777000.0, 0.03007086], [122786000.0, 0.00032565]]},
{"timestamp": 1743771211345, "bids": [[122401000.0, 0.00223011], [122380000.0, 0.0654], [122379000.0, 0.006], [122373000.0, 0.02345], [122368000.0, 0.1], [122360000.0, 0.001], [122300000.0, 0.00990252], [122299000.0, 0.01653534], [122239000.0, 0.02754326], [122238000.0, 0.0312]], "asks": [[122402000.0, 0.00040833], [122510000.0, 0.005], [122518000.0, 0.0191], [122524000.0, 0.00515], [122645000.0, 0.02532268], [122646000.0, 0.0817631], [122708000.0, 0.1], [122776000.0, 0.03817894], [122777000.0, 0.03007086], [122786000.0, 0.00032565]]},
{"timestamp": 1743771211345, "bids": [[122401000.0, 0.00223011], [122380000.0, 0.0654], [122379000.0, 0.006], [122373000.0, 0.02345], [122368000.0, 0.1], [122360000.0, 0.001], [122300000.0, 0.00990252], [122299000.0, 0.01653534], [122239000.0, 0.02754326], [122238000.0, 0.0312]], "asks": [[122402000.0, 0.00040833], [122510000.0, 0.005], [122517000.0, 0.050467], [122518000.0, 0.0191], [122524000.0, 0.00515], [122645000.0, 0.02532268], [122646000.0, 0.0817631], [122708000.0, 0.1], [122776000.0, 0.03817894], [122777000.0, 0.03007086]]},
{"timestamp": 1743771211477, "bids": [[122401000.0, 0.00223011], [122380000.0, 0.0654], [122379000.0, 0.006], [122373000.0, 0.02345], [122368000.0, 0.1], [122360000.0, 0.001], [122300000.0, 0.00990252], [122299000.0, 0.01653534], [122239000.0, 0.02754326], [122238000.0, 0.0312]], "asks": [[122402000.0, 0.00040833], [122510000.0, 0.005], [122517000.0, 0.050467], [122518000.0, 0.0191], [122524000.0, 0.00515], [122645000.0, 0.02532268], [122646000.0, 0.0817631], [122671000.0, 0.05], [122708000.0, 0.1], [122776000.0, 0.03817894]]},
{"timestamp": 1743771211984, "bids": [[122401000.0, 0.00223011], [122380000.0, 0.0654], [122379000.0, 0.006], [122373000.0, 0.02345], [122368000.0, 0.1], [122360000.0, 0.001], [122300000.0, 0.00990252], [122299000.0, 0.01653534], [122239000.0, 0.02754326], [122238000.0, 0.0312]], "asks": [[122402000.0, 0.00040833], [122510000.0, 0.005], [122517000.0, 0.050467], [122518000.0, 0.0191], [122524000.0, 0.00515], [122645000.0, 0.02532268], [122646000.0, 0.0817631], [122671000.0, 0.05], [122708000.0, 0.1], [122776000.0, 0.03817894]]},
{"timestamp": 1743771212183, "bids": [[122401000.0, 0.00223011], [122380000.0, 0.0654], [122379000.0, 0.006], [122373000.0, 0.02345], [122368000.0, 0.1], [122360000.0, 0.001], [122300000.0, 0.00990252], [122299000.0, 0.01653534], [122239000.0, 0.02754326], [122238000.0, 0.0312]], "asks": [[122402000.0, 0.00040833], [122510000.0, 0.005], [122518000.0, 0.0191], [122524000.0, 0.00515], [122645000.0, 0.02532268], [122646000.0, 0.0817631], [122671000.0, 0.05], [122708000.0, 0.1], [122776000.0, 0.03817894], [122777000.0, 0.03007086]]},
{"timestamp": 1743771212780, "bids": [[122401000.0, 0.00223011], [122380000.0, 0.0654], [122379000.0, 0.006], [122373000.0, 0.02345], [122368000.0, 0.1], [122360000.0, 0.001], [122300000.0, 0.00990252], [122299000.0, 0.01653534], [122239000.0, 0.02754326], [122238000.0, 0.0312]], "asks": [[122402000.0, 0.00040833], [122510000.0, 0.005], [122516000.0, 0.050467], [122518000.0, 0.0191], [122524000.0, 0.00515], [122645000.0, 0.02532268], [122646000.0, 0.0817631], [122671000.0, 0.05], [122708000.0, 0.1], [122776000.0, 0.03817894]]},
{"timestamp": 1743771213296, "bids": [[122401000.0, 0.00223011], [122380000.0, 0.0654], [122379000.0, 0.006], [122373000.0, 0.02345], [122368000.0, 0.1], [122360000.0, 0.001], [122300000.0, 0.00990252], [122299000.0, 0.01653534], [122239000.0, 0.02754326], [122238000.0, 0.0312]], "asks": [[122402000.0, 0.00040833], [122510000.0, 0.005], [122516000.0, 0.050467], [122518000.0, 0.0191], [122524000.0, 0.00515], [122645000.0, 0.02044827], [122646000.0, 0.0817631], [122671000.0, 0.05], [122708000.0, 0.1], [122776000.0, 0.03817894]]},
{"timestamp": 1743771213296, "bids": [[122401000.0, 0.00223011], [122380000.0, 0.0654], [122379000.0, 0.006], [122373000.0, 0.02345], [122368000.0, 0.1], [122360000.0, 0.001], [122300000.0, 0.00990252], [122299000.0, 0.01653534], [122239000.0, 0.02754326], [122238000.0, 0.0312]], "asks": [[122402000.0, 0.00040833], [122510000.0, 0.005], [122516000.0, 0.050467], [122518000.0, 0.0191], [122524000.0, 0.00515], [122645000.0, 0.04525371], [122646000.0, 0.0817631], [122671000.0, 0.05], [122708000.0, 0.1], [122776000.0, 0.03817894]]},
{"timestamp": 1743771213491, "bids": [[122401000.0, 0.00223011], [122380000.0, 0.0654], [122379000.0, 0.006], [122373000.0, 0.02345], [122368000.0, 0.1], [122360000.0, 0.001], [122300000.0, 0.00990252], [122299000.0, 0.01653534], [122239000.0, 0.02754326], [122238000.0, 0.0312]], "asks": [[122402000.0, 0.00040833], [122510000.0, 0.005], [122516000.0, 0.050467], [122518000.0, 0.0191], [122524000.0, 0.00515], [122645000.0, 0.04525371], [122646000.0, 0.0817631], [122671000.0, 0.05], [122708000.0, 0.1], [122776000.0, 0.03817894]]},
{"timestamp": 1743771214079, "bids": [[122401000.0, 0.00223011], [122380000.0, 0.0654], [122379000.0, 0.006], [122373000.0, 0.02345], [122368000.0, 0.1], [122360000.0, 0.001], [122300000.0, 0.00990252], [122299000.0, 0.01653534], [122239000.0, 0.02754326], [122238000.0, 0.0312]], "asks": [[122402000.0, 0.00040833], [122510000.0, 0.005], [122518000.0, 0.0191], [122524000.0, 0.00515], [122645000.0, 0.04525371], [122646000.0, 0.0817631], [122671000.0, 0.05], [122708000.0, 0.1], [122776000.0, 0.03817894], [122777000.0, 0.03007086]]},
{"timestamp": 1743771214505, "bids": [[122401000.0, 0.00223011], [122380000.0, 0.0654], [122379000.0, 0.006], [122373000.0, 0.02345], [122368000.0, 0.1], [122360000.0, 0.001], [122300000.0, 0.00990252], [122299000.0, 0.01653534], [122238000.0, 0.0312], [122215000.0, 0.00373187]], "asks": [[122402000.0, 0.00040833], [122510000.0, 0.005], [122518000.0, 0.0191], [122524000.0, 0.00515], [122645000.0, 0.04525371], [122646000.0, 0.0817631], [122671000.0, 0.05], [122708000.0, 0.1], [122776000.0, 0.03817894], [122777000.0, 0.03007086]]},
{"timestamp": 1743771214677, "bids": [[122401000.0, 0.00223011], [122380000.0, 0.0654], [122379000.0, 0.006], [122373000.0, 0.02345], [122368000.0, 0.1], [122360000.0, 0.001], [122300000.0, 0.00990252], [122299000.0, 0.01653534], [122239000.0, 0.01993951], [122238000.0, 0.0312]], "asks": [[122402000.0, 0.00040833], [122510000.0, 0.005], [122518000.0, 0.0191], [122524000.0, 0.00515], [122645000.0, 0.04525371], [122646000.0, 0.0817631], [122671000.0, 0.05], [122708000.0, 0.1], [122776000.0, 0.03817894], [122777000.0, 0.03007086]]},
{"timestamp": 1743771214979, "bids": [[122401000.0, 0.00223011], [122380000.0, 0.0654], [122379000.0, 0.006], [122373000.0, 0.02345], [122368000.0, 0.1], [122360000.0, 0.001], [122300000.0, 0.00990252], [122299000.0, 0.01653534], [122239000.0, 0.01993951], [122238000.0, 0.0312]], "asks": [[122402000.0, 0.00040833], [122510000.0, 0.005], [122512000.0, 0.050467], [122518000.0, 0.0191], [122524000.0, 0.00515], [122645000.0, 0.04525371], [122646000.0, 0.0817631], [122671000.0, 0.05], [122708000.0, 0.1], [122776000.0, 0.03817894]]},
{"timestamp": 1743771214979, "bids": [[122401000.0, 0.00223011], [122380000.0, 0.0654], [122379000.0, 0.006], [122373000.0, 0.02345], [122360000.0, 0.001], [122300000.0, 0.00990252], [122299000.0, 0.01653534], [122239000.0, 0.01993951], [122238000.0, 0.0312], [122215000.0, 0.00373187]], "asks": [[122402000.0, 0.00040833], [122510000.0, 0.005], [122512000.0, 0.050467], [122518000.0, 0.0191], [122524000.0, 0.00515], [122645000.0, 0.04525371], [122646000.0, 0.0817631], [122671000.0, 0.05], [122708000.0, 0.1], [122776000.0, 0.03817894]]},
{"timestamp": 1743771214979, "bids": [[122401000.0, 0.00223011], [122380000.0, 0.0654], [122379000.0, 0.006], [122373000.0, 0.02345], [122360000.0, 0.001], [122299000.0, 0.01653534], [122239000.0, 0.01993951], [122238000.0, 0.0312], [122215000.0, 0.00373187], [122055000.0, 0.00805195]], "asks": [[122402000.0, 0.00040833], [122510000.0, 0.005], [122512000.0, 0.050467], [122518000.0, 0.0191], [122524000.0, 0.00515], [122645000.0, 0.04525371], [122646000.0, 0.0817631], [122671000.0, 0.05], [122708000.0, 0.1], [122776000.0, 0.03817894]]},
{"timestamp": 1743771215181, "bids": [[122401000.0, 0.00223011], [122380000.0, 0.0654], [122379000.0, 0.006], [122373000.0, 0.02345], [122360000.0, 0.001], [122299000.0, 0.01653534], [122238000.0, 0.0312], [122215000.0, 0.00373187], [122055000.0, 0.00805195], [122001000.0, 0.00170898]], "asks": [[122402000.0, 0.00040833], [122510000.0, 0.005], [122512000.0, 0.050467], [122518000.0, 0.0191], [122524000.0, 0.00515], [122645000.0, 0.04525371], [122646000.0, 0.0817631], [122671000.0, 0.05], [122708000.0, 0.1], [122776000.0, 0.03817894]]},
{"timestamp": 1743771215181, "bids": [[122401000.0, 0.00223011], [122380000.0, 0.0654], [122379000.0, 0.006], [122373000.0, 0.02345], [122360000.0, 0.001], [122299000.0, 0.01653534], [122238000.0, 0.0312], [122215000.0, 0.00373187], [122055000.0, 0.00805195], [122001000.0, 0.00170898]], "asks": [[122402000.0, 0.00040833], [122510000.0, 0.005], [122512000.0, 0.050467], [122518000.0, 0.0191], [122524000.0, 0.00515], [122645000.0, 0.02480544], [122646000.0, 0.0817631], [122671000.0, 0.05], [122708000.0, 0.1], [122776000.0, 0.03817894]]},
{"timestamp": 1743771215181, "bids": [[122401000.0, 0.00223011], [122380000.0, 0.0654], [122379000.0, 0.006], [122373000.0, 0.02345], [122360000.0, 0.001], [122300000.0, 9.941e-05], [122299000.0, 0.01653534], [122238000.0, 0.0312], [122215000.0, 0.00373187], [122055000.0, 0.00805195]], "asks": [[122402000.0, 0.00040833], [122510000.0, 0.005], [122512000.0, 0.050467], [122518000.0, 0.0191], [122524000.0, 0.00515], [122645000.0, 0.02480544], [122646000.0, 0.0817631], [122671000.0, 0.05], [122708000.0, 0.1], [122776000.0, 0.03817894]]},
{"timestamp": 1743771215181, "bids": [[122401000.0, 0.00223011], [122380000.0, 0.0654], [122379000.0, 0.006], [122373000.0, 0.02345], [122360000.0, 0.001], [122300000.0, 9.941e-05], [122299000.0, 0.01653534], [122238000.0, 0.0312], [122215000.0, 0.00373187], [122055000.0, 0.00805195]], "asks": [[122402000.0, 0.00040833], [122510000.0, 0.005], [122512000.0, 0.050467], [122518000.0, 0.0191], [122524000.0, 0.00515], [122645000.0, 0.04411035], [122646000.0, 0.0817631], [122671000.0, 0.05], [122708000.0, 0.1], [122776000.0, 0.03817894]]},
{"timestamp": 1743771215181, "bids": [[122401000.0, 0.00223011], [122380000.0, 0.0654], [122379000.0, 0.006], [122373000.0, 0.02345], [122360000.0, 0.001], [122300000.0, 9.941e-05], [122299000.0, 0.01653534], [122238000.0, 0.0312], [122215000.0, 0.00373187], [122055000.0, 0.00805195]], "asks": [[122402000.0, 0.00040833], [122510000.0, 0.005], [122512000.0, 0.050467], [122524000.0, 0.00515], [122645000.0, 0.04411035], [122646000.0, 0.0817631], [122671000.0, 0.05], [122708000.0, 0.1], [122776000.0, 0.03817894], [122777000.0, 0.03007086]]},
{"timestamp": 1743771215513, "bids": [[122401000.0, 0.00223011], [122380000.0, 0.0654], [122379000.0, 0.006], [122373000.0, 0.02345], [122360000.0, 0.001], [122300000.0, 9.941e-05], [122299000.0, 0.01653534], [122238000.0, 0.0312], [122215000.0, 0.00373187], [122055000.0, 0.00805195]], "asks": [[122402000.0, 0.00040833], [122510000.0, 0.005], [122524000.0, 0.00515], [122645000.0, 0.04411035], [122646000.0, 0.0817631], [122671000.0, 0.05], [122708000.0, 0.1], [122776000.0, 0.03817894], [122777000.0, 0.03007086], [122786000.0, 0.00032565]]},
{"timestamp": 1743771215513, "bids": [[122401000.0, 0.00223011], [122380000.0, 0.0654], [122379000.0, 0.006], [122373000.0, 0.02345], [122360000.0, 0.001], [122300000.0, 9.941e-05], [122299000.0, 0.01653534], [122238000.0, 0.0312], [122215000.0, 0.00373187], [122055000.0, 0.00805195]], "asks": [[122402000.0, 0.00040833], [122510000.0, 0.005], [122524000.0, 0.00515], [122645000.0, 0.01930491], [122646000.0, 0.0817631], [122671000.0, 0.05], [122708000.0, 0.1], [122776000.0, 0.03817894], [122777000.0, 0.03007086], [122786000.0, 0.00032565]]},
{"timestamp": 1743771215513, "bids": [[122401000.0, 0.00223011], [122380000.0, 0.0654], [122379000.0, 0.006], [122373000.0, 0.02345], [122360000.0, 0.001], [122300000.0, 9.941e-05], [122299000.0, 0.01653534], [122238000.0, 0.0312], [122215000.0, 0.00373187], [122055000.0, 0.00805195]], "asks": [[122402000.0, 0.00040833], [122510000.0, 0.005], [122524000.0, 0.00515], [122645000.0, 0.01930491], [122646000.0, 0.0817631], [122671000.0, 0.05], [122776000.0, 0.03817894], [122777000.0, 0.03007086], [122786000.0, 0.00032565], [122808000.0, 0.00490965]]},
{"timestamp": 1743771215513, "bids": [[122401000.0, 0.00223011], [122380000.0, 0.0654], [122379000.0, 0.006], [122373000.0, 0.02345], [122360000.0, 0.001], [122300000.0, 9.941e-05], [122299000.0, 0.01653534], [122238000.0, 0.0312], [122215000.0, 0.00373187], [122055000.0, 0.00805195]], "asks": [[122402000.0, 0.00040833], [122510000.0, 0.005], [122524000.0, 0.00515], [122646000.0, 0.0817631], [122671000.0, 0.05], [122776000.0, 0.03817894], [122777000.0, 0.03007086], [122786000.0, 0.00032565], [122808000.0, 0.00490965], [122839000.0, 0.00200644]]},
{"timestamp": 1743771215513, "bids": [[122401000.0, 0.00223011], [122380000.0, 0.0654], [122379000.0, 0.006], [122373000.0, 0.02345], [122360000.0, 0.001], [122300000.0, 9.941e-05], [122299000.0, 0.01653534], [122238000.0, 0.0312], [122215000.0, 0.00373187], [122055000.0, 0.00805195]], "asks": [[122402000.0, 0.00040833], [122510000.0, 0.005], [122524000.0, 0.00515], [122645000.0, 0.0059802], [122646000.0, 0.0817631], [122671000.0, 0.05], [122776000.0, 0.03817894], [122777000.0, 0.03007086], [122786000.0, 0.00032565], [122808000.0, 0.00490965]]},
{"timestamp": 1743771215513, "bids": [[122401000.0, 0.00223011], [122379000.0, 0.006], [122373000.0, 0.02345], [122360000.0, 0.001], [122300000.0, 9.941e-05], [122299000.0, 0.01653534], [122238000.0, 0.0312], [122215000.0, 0.00373187], [122055000.0, 0.00805195], [122001000.0, 0.00170898]], "asks": [[122402000.0, 0.00040833], [122510000.0, 0.005], [122524000.0, 0.00515], [122645000.0, 0.0059802], [122646000.0, 0.0817631], [122671000.0, 0.05], [122776000.0, 0.03817894], [122777000.0, 0.03007086], [122786000.0, 0.00032565], [122808000.0, 0.00490965]]},
{"timestamp": 1743771215867, "bids": [[122401000.0, 0.00223011], [122379000.0, 0.006], [122373000.0, 0.02345], [122360000.0, 0.001], [122299000.0, 0.01653534], [122238000.0, 0.0312], [122215000.0, 0.00373187], [122055000.0, 0.00805195], [122001000.0, 0.00170898], [122000000.0, 0.02426357]], "asks": [[122402000.0, 0.00040833], [122510000.0, 0.005], [122524000.0, 0.00515], [122645000.0, 0.0059802], [122646000.0, 0.0817631], [122671000.0, 0.05], [122776000.0, 0.03817894], [122777000.0, 0.03007086], [122786000.0, 0.00032565], [122808000.0, 0.00490965]]},
{"timestamp": 1743771215867, "bids": [[122401000.0, 0.00223011], [122379000.0, 0.006], [122373000.0, 0.02345], [122360000.0, 0.001], [122299000.0, 0.01653534], [122238000.0, 0.0312], [122215000.0, 0.00373187], [122055000.0, 0.00805195], [122001000.0, 0.00170898], [122000000.0, 0.02426357]], "asks": [[122402000.0, 0.00040833], [122510000.0, 0.005], [122524000.0, 0.00515], [122645000.0, 0.0059802], [122646000.0, 0.0817631], [122671000.0, 0.05], [122776000.0, 0.03817894], [122777000.0, 0.03007086], [122786000.0, 0.00032565], [122808000.0, 0.00490965]]},
{"timestamp": 1743771215867, "bids": [[122401000.0, 0.00223011], [122379000.0, 0.006], [122373000.0, 0.02345], [122369000.0, 0.1], [122360000.0, 0.001], [122299000.0, 0.01653534], [122238000.0, 0.0312], [122215000.0, 0.00373187], [122055000.0, 0.00805195], [122001000.0, 0.00170898]], "asks": [[122402000.0, 0.00040833], [122510000.0, 0.005], [122524000.0, 0.00515], [122645000.0, 0.0059802], [122646000.0, 0.0817631], [122671000.0, 0.05], [122776000.0, 0.03817894], [122777000.0, 0.03007086], [122786000.0, 0.00032565], [122808000.0, 0.00490965]]},
{"timestamp": 1743771215867, "bids": [[122401000.0, 0.00223011], [122379000.0, 0.006], [122373000.0, 0.02345], [122369000.0, 0.1], [122360000.0, 0.001], [122301000.0, 0.02762045], [122299000.0, 0.01653534], [122238000.0, 0.0312], [122215000.0, 0.00373187], [122055000.0, 0.00805195]], "asks": [[122402000.0, 0.00040833], [122510000.0, 0.005], [122524000.0, 0.00515], [122645000.0, 0.0059802], [122646000.0, 0.0817631], [122671000.0, 0.05], [122776000.0, 0.03817894], [122777000.0, 0.03007086], [122786000.0, 0.00032565], [122808000.0, 0.00490965]]},
{"timestamp": 1743771216106, "bids": [[122401000.0, 0.00223011], [122379000.0, 0.006], [122373000.0, 0.02345], [122369000.0, 0.1], [122360000.0, 0.001], [122301000.0, 0.02762045], [122299000.0, 0.01653534], [122238000.0, 0.0312], [122215000.0, 0.00373187], [122055000.0, 0.00805195]], "asks": [[122510000.0, 0.005], [122524000.0, 0.00515], [122645000.0, 0.0059802], [122646000.0, 0.0817631], [122671000.0, 0.05], [122776000.0, 0.03817894], [122777000.0, 0.03007086], [122786000.0, 0.00032565], [122808000.0, 0.00490965], [122839000.0, 0.00200644]]},
{"timestamp": 1743771216106, "bids": [[122401000.0, 0.00223011], [122379000.0, 0.006], [122373000.0, 0.02345], [122369000.0, 0.1], [122360000.0, 0.001], [122301000.0, 0.02762045], [122299000.0, 0.01653534], [122238000.0, 0.0312], [122215000.0, 0.00373187], [122055000.0, 0.00805195]], "asks": [[122510000.0, 0.005], [122521000.0, 0.050467], [122524000.0, 0.00515], [122645000.0, 0.0059802], [122646000.0, 0.0817631], [122671000.0, 0.05], [122776000.0, 0.03817894], [122777000.0, 0.03007086], [122786000.0, 0.00032565], [122808000.0, 0.00490965]]},
{"timestamp": 1743771216314, "bids": [[122401000.0, 0.00223011], [122379000.0, 0.006], [122373000.0, 0.02345], [122360000.0, 0.001], [122301000.0, 0.02762045], [122299000.0, 0.01653534], [122238000.0, 0.0312], [122215000.0, 0.00373187], [122055000.0, 0.00805195], [122001000.0, 0.00170898]], "asks": [[122510000.0, 0.005], [122521000.0, 0.050467], [122524000.0, 0.00515], [122645000.0, 0.0059802], [122646000.0, 0.0817631], [122671000.0, 0.05], [122776000.0, 0.03817894], [122777000.0, 0.03007086], [122786000.0, 0.00032565], [122808000.0, 0.00490965]]},
{"timestamp": 1743771216314, "bids": [[122401000.0, 0.00223011], [122379000.0, 0.006], [122373000.0, 0.02345], [122360000.0, 0.001], [122301000.0, 0.02762045], [122299000.0, 0.01653534], [122215000.0, 0.00373187], [122055000.0, 0.00805195], [122001000.0, 0.00170898], [122000000.0, 0.02426357]], "asks": [[122510000.0, 0.005], [122521000.0, 0.050467], [122524000.0, 0.00515], [122645000.0, 0.0059802], [122646000.0, 0.0817631], [122671000.0, 0.05], [122776000.0, 0.03817894], [122777000.0, 0.03007086], [122786000.0, 0.00032565], [122808000.0, 0.00490965]]},
{"timestamp": 1743771216314, "bids": [[122401000.0, 0.00223011], [122379000.0, 0.006], [122373000.0, 0.02345], [122360000.0, 0.001], [122301000.0, 0.02762045], [122299000.0, 0.01653534], [122215000.0, 0.00373187], [122055000.0, 0.00805195], [122001000.0, 0.00170898], [122000000.0, 0.02426357]], "asks": [[122510000.0, 0.005], [122521000.0, 0.050467], [122524000.0, 0.00515], [122645000.0, 0.0059802], [122646000.0, 0.0817631], [122671000.0, 0.05], [122776000.0, 0.03817894], [122777000.0, 0.03007086], [122786000.0, 0.00032565], [122808000.0, 0.00490965]]},
{"timestamp": 1743771216314, "bids": [[122379000.0, 0.006], [122373000.0, 0.02345], [122360000.0, 0.001], [122301000.0, 0.02762045], [122299000.0, 0.01653534], [122215000.0, 0.00373187], [122055000.0, 0.00805195], [122001000.0, 0.00170898], [122000000.0, 0.02426357], [121984000.0, 0.00032805]], "asks": [[122510000.0, 0.005], [122521000.0, 0.050467], [122524000.0, 0.00515], [122645000.0, 0.0059802], [122646000.0, 0.0817631], [122671000.0, 0.05], [122776000.0, 0.03817894], [122777000.0, 0.03007086], [122786000.0, 0.00032565], [122808000.0, 0.00490965]]},
{"timestamp": 1743771216314, "bids": [[122379000.0, 0.006], [122373000.0, 0.02345], [122360000.0, 0.001], [122302000.0, 0.00775947], [122301000.0, 0.02762045], [122299000.0, 0.01653534], [122215000.0, 0.00373187], [122055000.0, 0.00805195], [122001000.0, 0.00170898], [122000000.0, 0.02426357]], "asks": [[122510000.0, 0.005], [122521000.0, 0.050467], [122524000.0, 0.00515], [122645000.0, 0.0059802], [122646000.0, 0.0817631], [122671000.0, 0.05], [122776000.0, 0.03817894], [122777000.0, 0.03007086], [122786000.0, 0.00032565], [122808000.0, 0.00490965]]},
{"timestamp": 1743771216314, "bids": [[122379000.0, 0.006], [122373000.0, 0.02345], [122360000.0, 0.001], [122302000.0, 0.00775947], [122301000.0, 0.02762045], [122299000.0, 0.01653534], [122215000.0, 0.00373187], [122055000.0, 0.00805195], [122001000.0, 0.00170898], [122000000.0, 0.02426357]], "asks": [[122510000.0, 0.005], [122524000.0, 0.00515], [122645000.0, 0.0059802], [122646000.0, 0.0817631], [122671000.0, 0.05], [122776000.0, 0.03817894], [122777000.0, 0.03007086], [122786000.0, 0.00032565], [122808000.0, 0.00490965], [122839000.0, 0.00200644]]},
{"timestamp": 1743771216663, "bids": [[122379000.0, 0.006], [122373000.0, 0.02345], [122360000.0, 0.001], [122302000.0, 0.00775947], [122299000.0, 0.01653534], [122215000.0, 0.00373187], [122055000.0, 0.00805195], [122001000.0, 0.00170898], [122000000.0, 0.02426357], [121984000.0, 0.00032805]], "asks": [[122510000.0, 0.005], [122524000.0, 0.00515], [122645000.0, 0.0059802], [122646000.0, 0.0817631], [122671000.0, 0.05], [122776000.0, 0.03817894], [122777000.0, 0.03007086], [122786000.0, 0.00032565], [122808000.0, 0.00490965], [122839000.0, 0.00200644]]},
{"timestamp": 1743771216663, "bids": [[122379000.0, 0.006], [122373000.0, 0.02345], [122360000.0, 0.001], [122302000.0, 0.00775947], [122299000.0, 0.01653534], [122215000.0, 0.00373187], [122055000.0, 0.00805195], [122001000.0, 0.00170898], [122000000.0, 0.02426357], [121984000.0, 0.00032805]], "asks": [[122510000.0, 0.005], [122524000.0, 0.00515], [122646000.0, 0.0817631], [122671000.0, 0.05], [122776000.0, 0.03817894], [122777000.0, 0.03007086], [122786000.0, 0.00032565], [122808000.0, 0.00490965], [122839000.0, 0.00200644], [122928000.0, 0.0315]]},
{"timestamp": 1743771216663, "bids": [[122379000.0, 0.006], [122373000.0, 0.02345], [122360000.0, 0.001], [122299000.0, 0.01653534], [122215000.0, 0.00373187], [122055000.0, 0.00805195], [122001000.0, 0.00170898], [122000000.0, 0.02426357], [121984000.0, 0.00032805], [121951000.0, 0.00041017]], "asks": [[122510000.0, 0.005], [122524000.0, 0.00515], [122646000.0, 0.0817631], [122671000.0, 0.05], [122776000.0, 0.03817894], [122777000.0, 0.03007086], [122786000.0, 0.00032565], [122808000.0, 0.00490965], [122839000.0, 0.00200644], [122928000.0, 0.0315]]},
{"timestamp": 1743771216663, "bids": [[122379000.0, 0.006], [122373000.0, 0.02345], [122360000.0, 0.001], [122299000.0, 0.01653534], [122215000.0, 0.00373187], [122055000.0, 0.00805195], [122001000.0, 0.00170898], [122000000.0, 0.02426357], [121984000.0, 0.00032805], [121951000.0, 0.00041017]], "asks": [[122524000.0, 0.00515], [122646000.0, 0.0817631], [122671000.0, 0.05], [122776000.0, 0.03817894], [122777000.0, 0.03007086], [122786000.0, 0.00032565], [122808000.0, 0.00490965], [122839000.0, 0.00200644], [122928000.0, 0.0315], [122930000.0, 0.0342876]]},
{"timestamp": 1743771216663, "bids": [[122379000.0, 0.006], [122373000.0, 0.02345], [122360000.0, 0.001], [122299000.0, 0.01653534], [122215000.0, 0.00373187], [122055000.0, 0.00805195], [122001000.0, 0.00170898], [122000000.0, 0.02426357], [121984000.0, 0.00032805], [121951000.0, 0.00041017]], "asks": [[122524000.0, 0.00515], [122645000.0, 0.00157736], [122646000.0, 0.0817631], [122671000.0, 0.05], [122776000.0, 0.03817894], [122777000.0, 0.03007086], [122786000.0, 0.00032565], [122808000.0, 0.00490965], [122839000.0, 0.00200644], [122928000.0, 0.0315]]},
{"timestamp": 1743771216663, "bids": [[122379000.0, 0.006], [122373000.0, 0.02345], [122360000.0, 0.001], [122299000.0, 0.01653534], [122215000.0, 0.00373187], [122055000.0, 0.00805195], [122002000.0, 0.0643], [122001000.0, 0.00170898], [122000000.0, 0.02426357], [121984000.0, 0.00032805]], "asks": [[122524000.0, 0.00515], [122645000.0, 0.00157736], [122646000.0, 0.0817631], [122671000.0, 0.05], [122776000.0, 0.03817894], [122777000.0, 0.03007086], [122786000.0, 0.00032565], [122808000.0, 0.00490965], [122839000.0, 0.00200644], [122928000.0, 0.0315]]},
{"timestamp": 1743771216663, "bids": [[122379000.0, 0.006], [122373000.0, 0.02345], [122360000.0, 0.001], [122302000.0, 0.0312], [122299000.0, 0.01653534], [122215000.0, 0.00373187], [122055000.0, 0.00805195], [122002000.0, 0.0643], [122001000.0, 0.00170898], [122000000.0, 0.02426357]], "asks": [[122524000.0, 0.00515], [122645000.0, 0.00157736], [122646000.0, 0.0817631], [122671000.0, 0.05], [122776000.0, 0.03817894], [122777000.0, 0.03007086], [122786000.0, 0.00032565], [122808000.0, 0.00490965], [122839000.0, 0.00200644], [122928000.0, 0.0315]]},
{"timestamp": 1743771216663, "bids": [[122379000.0, 0.006], [122373000.0, 0.02345], [122360000.0, 0.001], [122302000.0, 0.0312], [122299000.0, 0.01653534], [122215000.0, 0.00373187], [122055000.0, 0.00805195], [122002000.0, 0.0643], [122001000.0, 0.00170898], [122000000.0, 0.02426357]], "asks": [[122645000.0, 0.00157736], [122646000.0, 0.0817631], [122671000.0, 0.05], [122776000.0, 0.03817894], [122777000.0, 0.03007086], [122786000.0, 0.00032565], [122808000.0, 0.00490965], [122839000.0, 0.00200644], [122928000.0, 0.0315], [122930000.0, 0.0342876]]},
{"timestamp": 1743771216663, "bids": [[122379000.0, 0.006], [122373000.0, 0.02345], [122360000.0, 0.001], [122302000.0, 0.0312], [122299000.0, 0.01653534], [122215000.0, 0.00373187], [122055000.0, 0.00805195], [122002000.0, 0.0643], [122001000.0, 0.00170898], [122000000.0, 0.02426357]], "asks": [[122645000.0, 0.00536007], [122646000.0, 0.0817631], [122671000.0, 0.05], [122776000.0, 0.03817894], [122777000.0, 0.03007086], [122786000.0, 0.00032565], [122808000.0, 0.00490965], [122839000.0, 0.00200644], [122928000.0, 0.0315], [122930000.0, 0.0342876]]},
{"timestamp": 1743771216663, "bids": [[122509000.0, 0.0021427], [122379000.0, 0.006], [122373000.0, 0.02345], [122360000.0, 0.001], [122302000.0, 0.0312], [122299000.0, 0.01653534], [122215000.0, 0.00373187], [122055000.0, 0.00805195], [122002000.0, 0.0643], [122001000.0, 0.00170898]], "asks": [[122645000.0, 0.00536007], [122646000.0, 0.0817631], [122671000.0, 0.05], [122776000.0, 0.03817894], [122777000.0, 0.03007086], [122786000.0, 0.00032565], [122808000.0, 0.00490965], [122839000.0, 0.00200644], [122928000.0, 0.0315], [122930000.0, 0.0342876]]},
{"timestamp": 1743771216865, "bids": [[122509000.0, 0.0021427], [122379000.0, 0.006], [122373000.0, 0.02345], [122360000.0, 0.001], [122302000.0, 0.0312], [122299000.0, 0.01653534], [122215000.0, 0.00373187], [122055000.0, 0.00805195], [122002000.0, 0.0643], [122001000.0, 0.00170898]], "asks": [[122645000.0, 0.00536007], [122646000.0, 0.0817631], [122671000.0, 0.05], [122776000.0, 0.03817894], [122777000.0, 0.03007086], [122786000.0, 0.00032565], [122808000.0, 0.00490965], [122839000.0, 0.00200644], [122928000.0, 0.0315], [122930000.0, 0.0342876]]},
{"timestamp": 1743771216865, "bids": [[122509000.0, 0.0021427], [122379000.0, 0.006], [122373000.0, 0.02345], [122360000.0, 0.001], [122302000.0, 0.0312], [122299000.0, 0.01653534], [122215000.0, 0.00373187], [122055000.0, 0.00805195], [122002000.0, 0.0643], [122001000.0, 0.00170898]], "asks": [[122645000.0, 0.00536007], [122646000.0, 0.0817631], [122671000.0, 0.05], [122776000.0, 0.03817894], [122777000.0, 0.03007086], [122786000.0, 0.00032565], [122808000.0, 0.00490965], [122839000.0, 0.00200644], [122928000.0, 0.0315], [122930000.0, 0.0342876]]},
{"timestamp": 1743771216865, "bids": [[122509000.0, 0.0021427], [122379000.0, 0.006], [122373000.0, 0.02345], [122360000.0, 0.001], [122302000.0, 0.0312], [122299000.0, 0.01653534], [122215000.0, 0.00373187], [122055000.0, 0.00805195], [122002000.0, 0.0643], [122001000.0, 0.00170898]], "asks": [[122645000.0, 0.00157736], [122646000.0, 0.0817631], [122671000.0, 0.05], [122776000.0, 0.03817894], [122777000.0, 0.03007086], [122786000.0, 0.00032565], [122808000.0, 0.00490965], [122839000.0, 0.00200644], [122928000.0, 0.0315], [122930000.0, 0.0342876]]},
{"timestamp": 1743771216865, "bids": [[122509000.0, 0.0021427], [122379000.0, 0.006], [122373000.0, 0.02345], [122360000.0, 0.001], [122302000.0, 0.0312], [122299000.0, 0.01653534], [122215000.0, 0.00373187], [122055000.0, 0.00805195], [122002000.0, 0.0643], [122001000.0, 0.00170898]], "asks": [[122645000.0, 0.00157736], [122671000.0, 0.05], [122776000.0, 0.03817894], [122777000.0, 0.03007086], [122786000.0, 0.00032565], [122808000.0, 0.00490965], [122839000.0, 0.00200644], [122928000.0, 0.0315], [122930000.0, 0.0342876], [123000000.0, 0.01663029]]},
{"timestamp": 1743771217100, "bids": [[122509000.0, 0.0021427], [122379000.0, 0.006], [122373000.0, 0.02345], [122360000.0, 0.001], [122302000.0, 0.0312], [122299000.0, 0.01653534], [122215000.0, 0.00373187], [122055000.0, 0.00805195], [122002000.0, 0.0643], [122001000.0, 0.00170898]], "asks": [[122645000.0, 0.00157736], [122671000.0, 0.05], [122776000.0, 0.03817894], [122777000.0, 0.03007086], [122786000.0, 0.00032565], [122808000.0, 0.00490965], [122839000.0, 0.00200644], [122928000.0, 0.0315], [122930000.0, 0.0342876], [123000000.0, 0.01663029]]},
{"timestamp": 1743771217100, "bids": [[122509000.0, 0.0021427], [122379000.0, 0.006], [122373000.0, 0.02345], [122360000.0, 0.001], [122302000.0, 0.0312], [122299000.0, 0.01653534], [122215000.0, 0.00373187], [122055000.0, 0.00805195], [122002000.0, 0.0643], [122001000.0, 0.00170898]], "asks": [[122645000.0, 0.00157736], [122671000.0, 0.05], [122776000.0, 0.03817894], [122777000.0, 0.03007086], [122786000.0, 0.00032565], [122808000.0, 0.00490965], [122839000.0, 0.00200644], [122928000.0, 0.0315], [122930000.0, 0.0342876], [123000000.0, 0.01663029]]},
{"timestamp": 1743771217100, "bids": [[122509000.0, 0.0021427], [122379000.0, 0.006], [122373000.0, 0.02345], [122360000.0, 0.001], [122302000.0, 0.0312], [122299000.0, 0.01653534], [122215000.0, 0.00373187], [122055000.0, 0.00805195], [122002000.0, 0.0643], [122001000.0, 0.00170898]], "asks": [[122645000.0, 0.00157736], [122671000.0, 0.05], [122776000.0, 0.03817894], [122777000.0, 0.03007086], [122786000.0, 0.00032565], [122808000.0, 0.00490965], [122839000.0, 0.00200644], [122928000.0, 0.0315], [122930000.0, 0.0342876], [123000000.0, 0.01663029]]},
{"timestamp": 1743771217100, "bids": [[122509000.0, 0.0021427], [122379000.0, 0.006], [122373000.0, 0.02345], [122360000.0, 0.001], [122302000.0, 0.0312], [122299000.0, 0.01653534], [122215000.0, 0.00373187], [122055000.0, 0.00805195], [122002000.0, 0.0643], [122001000.0, 0.00170898]], "asks": [[122645000.0, 0.00157736], [122671000.0, 0.05], [122776000.0, 0.03817894], [122777000.0, 0.03007086], [122786000.0, 0.00032565], [122808000.0, 0.00490965], [122839000.0, 0.00200644], [122928000.0, 0.0315], [122930000.0, 0.0342876], [123000000.0, 0.01663029]]},
{"timestamp": 1743771217100, "bids": [[122509000.0, 0.0021427], [122379000.0, 0.006], [122373000.0, 0.02345], [122360000.0, 0.001], [122302000.0, 0.0312], [122299000.0, 0.01653534], [122215000.0, 0.00373187], [122055000.0, 0.00805195], [122002000.0, 0.0643], [122001000.0, 0.00170898]], "asks": [[122671000.0, 0.05], [122776000.0, 0.03817894], [122777000.0, 0.03007086], [122786000.0, 0.00032565], [122808000.0, 0.00490965], [122839000.0, 0.00200644], [122928000.0, 0.0315], [122930000.0, 0.0342876], [123000000.0, 0.01663029], [123006000.0, 0.00028887]]},
{"timestamp": 1743771217100, "bids": [[122509000.0, 0.0021427], [122379000.0, 0.006], [122373000.0, 0.02345], [122360000.0, 0.001], [122303000.0, 0.02761809], [122302000.0, 0.0312], [122299000.0, 0.01653534], [122215000.0, 0.00373187], [122055000.0, 0.00805195], [122002000.0, 0.0643]], "asks": [[122671000.0, 0.05], [122776000.0, 0.03817894], [122777000.0, 0.03007086], [122786000.0, 0.00032565], [122808000.0, 0.00490965], [122839000.0, 0.00200644], [122928000.0, 0.0315], [122930000.0, 0.0342876], [123000000.0, 0.01663029], [123006000.0, 0.00028887]]},
{"timestamp": 1743771217286, "bids": [[122509000.0, 0.0021427], [122379000.0, 0.006], [122373000.0, 0.02345], [122360000.0, 0.001], [122303000.0, 0.02761809], [122302000.0, 0.0312], [122299000.0, 0.01653534], [122215000.0, 0.00373187], [122055000.0, 0.00805195], [122002000.0, 0.0643]], "asks": [[122671000.0, 0.05], [122776000.0, 0.03817894], [122777000.0, 0.03007086], [122786000.0, 0.00032565], [122808000.0, 0.00490965], [122839000.0, 0.00200644], [122928000.0, 0.0315], [122930000.0, 0.0342876], [123000000.0, 0.01663029], [123006000.0, 0.00028887]]},
{"timestamp": 1743771217286, "bids": [[122509000.0, 0.0021427], [122379000.0, 0.006], [122373000.0, 0.02345], [122360000.0, 0.001], [122303000.0, 0.02761809], [122302000.0, 0.0312], [122299000.0, 0.01653534], [122215000.0, 0.00373187], [122055000.0, 0.00805195], [122002000.0, 0.0643]], "asks": [[122671000.0, 0.05], [122776000.0, 0.03817894], [122777000.0, 0.03007086], [122786000.0, 0.00032565], [122808000.0, 0.00490965], [122839000.0, 0.00200644], [122928000.0, 0.0315], [122930000.0, 0.0342876], [123000000.0, 0.01663029], [123006000.0, 0.00028887]]},
{"timestamp": 1743771217286, "bids": [[122509000.0, 0.0021427], [122379000.0, 0.006], [122373000.0, 0.02345], [122360000.0, 0.001], [122303000.0, 0.02761809], [122302000.0, 0.0312], [122299000.0, 0.01653534], [122215000.0, 0.00373187], [122055000.0, 0.00805195], [122002000.0, 0.0643]], "asks": [[122671000.0, 0.05], [122776000.0, 0.03817894], [122777000.0, 0.03007086], [122786000.0, 0.00032565], [122808000.0, 0.00490965], [122839000.0, 0.00200644], [122928000.0, 0.0315], [122930000.0, 0.0342876], [123000000.0, 0.01663029], [123006000.0, 0.00028887]]},
{"timestamp": 1743771217286, "bids": [[122509000.0, 0.0021427], [122379000.0, 0.006], [122373000.0, 0.02345], [122369000.0, 0.1], [122360000.0, 0.001], [122303000.0, 0.02761809], [122302000.0, 0.0312], [122299000.0, 0.01653534], [122215000.0, 0.00373187], [122055000.0, 0.00805195]], "asks": [[122671000.0, 0.05], [122776000.0, 0.03817894], [122777000.0, 0.03007086], [122786000.0, 0.00032565], [122808000.0, 0.00490965], [122839000.0, 0.00200644], [122928000.0, 0.0315], [122930000.0, 0.0342876], [123000000.0, 0.01663029], [123006000.0, 0.00028887]]},
{"timestamp": 1743771217286, "bids": [[122509000.0, 0.0021427], [122379000.0, 0.006], [122373000.0, 0.02345], [122369000.0, 0.1], [122360000.0, 0.001], [122303000.0, 0.02761809], [122302000.0, 0.0312], [122299000.0, 0.01653534], [122215000.0, 0.00373187], [122055000.0, 0.00805195]], "asks": [[122644000.0, 0.050467], [122671000.0, 0.05], [122776000.0, 0.03817894], [122777000.0, 0.03007086], [122786000.0, 0.00032565], [122808000.0, 0.00490965], [122839000.0, 0.00200644], [122928000.0, 0.0315], [122930000.0, 0.0342876], [123000000.0, 0.01663029]]},
{"timestamp": 1743771217286, "bids": [[122509000.0, 0.0021427], [122379000.0, 0.006], [122373000.0, 0.02345], [122369000.0, 0.1], [122360000.0, 0.001], [122303000.0, 0.02761809], [122302000.0, 0.0312], [122299000.0, 0.01653534], [122215000.0, 0.00373187], [122055000.0, 0.00805195]], "asks": [[122639000.0, 0.0018104], [122644000.0, 0.050467], [122671000.0, 0.05], [122776000.0, 0.03817894], [122777000.0, 0.03007086], [122786000.0, 0.00032565], [122808000.0, 0.00490965], [122839000.0, 0.00200644], [122928000.0, 0.0315], [122930000.0, 0.0342876]]},
{"timestamp": 1743771217286, "bids": [[122509000.0, 0.0021427], [122379000.0, 0.006], [122373000.0, 0.02345], [122369000.0, 0.1], [122360000.0, 0.001], [122303000.0, 0.02761809], [122302000.0, 0.0312], [122299000.0, 0.01653534], [122215000.0, 0.00373187], [122055000.0, 0.00805195]], "asks": [[122639000.0, 0.0018104], [122644000.0, 0.050467], [122671000.0, 0.05], [122708000.0, 0.1], [122776000.0, 0.03817894], [122777000.0, 0.03007086], [122786000.0, 0.00032565], [122808000.0, 0.00490965], [122839000.0, 0.00200644], [122928000.0, 0.0315]]},
{"timestamp": 1743771217286, "bids": [[122509000.0, 0.0021427], [122379000.0, 0.006], [122373000.0, 0.02345], [122369000.0, 0.1], [122360000.0, 0.001], [122303000.0, 0.02761809], [122302000.0, 0.0312], [122299000.0, 0.01653534], [122215000.0, 0.00373187], [122055000.0, 0.00805195]], "asks": [[122639000.0, 0.0018104], [122644000.0, 0.050467], [122671000.0, 0.05], [122708000.0, 0.1], [122776000.0, 0.03817894], [122777000.0, 0.03007086], [122786000.0, 0.00032565], [122808000.0, 0.00490965], [122839000.0, 0.00200644], [122928000.0, 0.0315]]},
{"timestamp": 1743771217286, "bids": [[122509000.0, 0.0021427], [122379000.0, 0.006], [122373000.0, 0.02345], [122369000.0, 0.1], [122360000.0, 0.001], [122303000.0, 0.02761809], [122302000.0, 0.0312], [122299000.0, 0.01653534], [122215000.0, 0.00373187], [122055000.0, 0.00805195]], "asks": [[122639000.0, 0.0018104], [122644000.0, 0.050467], [122671000.0, 0.05], [122708000.0, 0.1], [122776000.0, 0.03817894], [122777000.0, 0.03007086], [122786000.0, 0.00032565], [122808000.0, 0.00490965], [122839000.0, 0.00200644], [122928000.0, 0.0315]]},
{"timestamp": 1743771217286, "bids": [[122509000.0, 0.0021427], [122380000.0, 0.0654], [122379000.0, 0.006], [122373000.0, 0.02345], [122369000.0, 0.1], [122360000.0, 0.001], [122303000.0, 0.02761809], [122302000.0, 0.0312], [122299000.0, 0.01653534], [122215000.0, 0.00373187]], "asks": [[122639000.0, 0.0018104], [122644000.0, 0.050467], [122671000.0, 0.05], [122708000.0, 0.1], [122776000.0, 0.03817894], [122777000.0, 0.03007086], [122786000.0, 0.00032565], [122808000.0, 0.00490965], [122839000.0, 0.00200644], [122928000.0, 0.0315]]},
{"timestamp": 1743771217495, "bids": [[122509000.0, 0.0021427], [122380000.0, 0.0654], [122379000.0, 0.006], [122373000.0, 0.02345], [122369000.0, 0.1], [122360000.0, 0.001], [122303000.0, 0.02761809], [122302000.0, 0.0312], [122299000.0, 0.01653534], [122215000.0, 0.00373187]], "asks": [[122639000.0, 0.0018104], [122671000.0, 0.05], [122708000.0, 0.1], [122776000.0, 0.03817894], [122777000.0, 0.03007086], [122786000.0, 0.00032565], [122808000.0, 0.00490965], [122839000.0, 0.00200644], [122928000.0, 0.0315], [122930000.0, 0.0342876]]},
{"timestamp": 1743771217703, "bids": [[122509000.0, 0.0021427], [122380000.0, 0.0654], [122379000.0, 0.006], [122373000.0, 0.02345], [122369000.0, 0.1], [122360000.0, 0.001], [122303000.0, 0.02761809], [122302000.0, 0.0312], [122299000.0, 0.01653534], [122215000.0, 0.00373187]], "asks": [[122639000.0, 0.0018104], [122671000.0, 0.05], [122708000.0, 0.1], [122777000.0, 0.03007086], [122786000.0, 0.00032565], [122808000.0, 0.00490965], [122839000.0, 0.00200644], [122928000.0, 0.0315], [122930000.0, 0.0342876], [123000000.0, 0.01663029]]},
{"timestamp": 1743771217703, "bids": [[122509000.0, 0.0021427], [122380000.0, 0.0654], [122379000.0, 0.006], [122373000.0, 0.02345], [122369000.0, 0.1], [122360000.0, 0.001], [122303000.0, 0.02761809], [122302000.0, 0.0312], [122299000.0, 0.01653534], [122215000.0, 0.00373187]], "asks": [[122639000.0, 0.0018104], [122671000.0, 0.05], [122708000.0, 0.1], [122777000.0, 0.03007086], [122786000.0, 0.00032565], [122808000.0, 0.00490965], [122839000.0, 0.00200644], [122928000.0, 0.0315], [122930000.0, 0.0342876], [123000000.0, 0.01663029]]},
{"timestamp": 1743771217703, "bids": [[122509000.0, 0.0021427], [122380000.0, 0.0654], [122379000.0, 0.006], [122373000.0, 0.02345], [122369000.0, 0.1], [122360000.0, 0.001], [122302000.0, 0.0312], [122299000.0, 0.01653534], [122215000.0, 0.00373187], [122055000.0, 0.00805195]], "asks": [[122639000.0, 0.0018104], [122671000.0, 0.05], [122708000.0, 0.1], [122777000.0, 0.03007086], [122786000.0, 0.00032565], [122808000.0, 0.00490965], [122839000.0, 0.00200644], [122928000.0, 0.0315], [122930000.0, 0.0342876], [123000000.0, 0.01663029]]},
{"timestamp": 1743771217703, "bids": [[122509000.0, 0.0021427], [122380000.0, 0.0654], [122379000.0, 0.006], [122373000.0, 0.02345], [122369000.0, 0.1], [122360000.0, 0.001], [122303000.0, 0.00987305], [122302000.0, 0.0312], [122299000.0, 0.01653534], [122215000.0, 0.00373187]], "asks": [[122639000.0, 0.0018104], [122671000.0, 0.05], [122708000.0, 0.1], [122777000.0, 0.03007086], [122786000.0, 0.00032565], [122808000.0, 0.00490965], [122839000.0, 0.00200644], [122928000.0, 0.0315], [122930000.0, 0.0342876], [123000000.0, 0.01663029]]},
{"timestamp": 1743771217703, "bids": [[122509000.0, 0.0021427], [122380000.0, 0.0654], [122379000.0, 0.006], [122373000.0, 0.02345], [122369000.0, 0.1], [122360000.0, 0.001], [122303000.0, 0.00987305], [122302000.0, 0.0312], [122299000.0, 0.01653534], [122215000.0, 0.00373187]], "asks": [[122639000.0, 0.0018104], [122670000.0, 0.03812778], [122671000.0, 0.05], [122708000.0, 0.1], [122777000.0, 0.03007086], [122786000.0, 0.00032565], [122808000.0, 0.00490965], [122839000.0, 0.00200644], [122928000.0, 0.0315], [122930000.0, 0.0342876]]},
{"timestamp": 1743771217703, "bids": [[122509000.0, 0.0021427], [122380000.0, 0.0654], [122379000.0, 0.006], [122373000.0, 0.02345], [122369000.0, 0.1], [122360000.0, 0.001], [122303000.0, 0.00987305], [122302000.0, 0.0312], [122299000.0, 0.01653534], [122215000.0, 0.00373187]], "asks": [[122638000.0, 7.828e-05], [122639000.0, 0.0018104], [122670000.0, 0.03812778], [122671000.0, 0.05], [122708000.0, 0.1], [122777000.0, 0.03007086], [122786000.0, 0.00032565], [122808000.0, 0.00490965], [122839000.0, 0.00200644], [122928000.0, 0.0315]]},
{"timestamp": 1743771218076, "bids": [[122509000.0, 0.0021427], [122380000.0, 0.0654], [122379000.0, 0.006], [122373000.0, 0.02345], [122369000.0, 0.1], [122360000.0, 0.001], [122303000.0, 0.00987305], [122302000.0, 0.0312], [122299000.0, 0.01653534], [122215000.0, 0.00373187]], "asks": [[122638000.0, 0.08184138], [122639000.0, 0.0018104], [122670000.0, 0.03812778], [122671000.0, 0.05], [122708000.0, 0.1], [122777000.0, 0.03007086], [122786000.0, 0.00032565], [122808000.0, 0.00490965], [122839000.0, 0.00200644], [122928000.0, 0.0315]]},
{"timestamp": 1743771218076, "bids": [[122509000.0, 0.0021427], [122380000.0, 0.0654], [122379000.0, 0.006], [122373000.0, 0.02345], [122369000.0, 0.1], [122360000.0, 0.001], [122303000.0, 0.00987305], [122302000.0, 0.0312], [122299000.0, 0.01653534], [122215000.0, 0.00373187]], "asks": [[122638000.0, 0.08333671], [122639000.0, 0.0018104], [122670000.0, 0.03812778], [122671000.0, 0.05], [122708000.0, 0.1], [122777000.0, 0.03007086], [122786000.0, 0.00032565], [122808000.0, 0.00490965], [122839000.0, 0.00200644], [122928000.0, 0.0315]]},
{"timestamp": 1743771218076, "bids": [[122509000.0, 0.0021427], [122379000.0, 0.006], [122373000.0, 0.02345], [122369000.0, 0.1], [122360000.0, 0.001], [122303000.0, 0.00987305], [122302000.0, 0.0312], [122299000.0, 0.01653534], [122215000.0, 0.00373187], [122055000.0, 0.00805195]], "asks": [[122638000.0, 0.08333671], [122639000.0, 0.0018104], [122670000.0, 0.03812778], [122671000.0, 0.05], [122708000.0, 0.1], [122777000.0, 0.03007086], [122786000.0, 0.00032565], [122808000.0, 0.00490965], [122839000.0, 0.00200644], [122928000.0, 0.0315]]},
{"timestamp": 1743771218076, "bids": [[122509000.0, 0.0021427], [122379000.0, 0.006], [122373000.0, 0.02345], [122369000.0, 0.1], [122360000.0, 0.001], [122303000.0, 0.00987305], [122302000.0, 0.0312], [122299000.0, 0.01653534], [122215000.0, 0.00373187], [122055000.0, 0.00805195]], "asks": [[122638000.0, 0.08333671], [122639000.0, 0.0018104], [122670000.0, 0.03812778], [122708000.0, 0.1], [122777000.0, 0.03007086], [122786000.0, 0.00032565], [122808000.0, 0.00490965], [122839000.0, 0.00200644], [122928000.0, 0.0315], [122930000.0, 0.0342876]]},
{"timestamp": 1743771218317, "bids": [[122509000.0, 0.0021427], [122379000.0, 0.006], [122373000.0, 0.02345], [122369000.0, 0.1], [122360000.0, 0.001], [122303000.0, 0.00987305], [122302000.0, 0.0312], [122299000.0, 0.01653534], [122215000.0, 0.00373187], [122055000.0, 0.00805195]], "asks": [[122637000.0, 0.050467], [122638000.0, 0.08333671], [122639000.0, 0.0018104], [122670000.0, 0.03812778], [122708000.0, 0.1], [122777000.0, 0.03007086], [122786000.0, 0.00032565], [122808000.0, 0.00490965], [122839000.0, 0.00200644], [122928000.0, 0.0315]]},
{"timestamp": 1743771218317, "bids": [[122509000.0, 0.0021427], [122379000.0, 0.006], [122373000.0, 0.02345], [122369000.0, 0.1], [122360000.0, 0.001], [122303000.0, 0.00987305], [122302000.0, 0.0312], [122299000.0, 0.01653534], [122215000.0, 0.00373187], [122055000.0, 0.00805195]], "asks": [[122637000.0, 0.050467], [122638000.0, 0.08333671], [122639000.0, 0.0018104], [122670000.0, 0.03812778], [122777000.0, 0.03007086], [122786000.0, 0.00032565], [122808000.0, 0.00490965], [122839000.0, 0.00200644], [122928000.0, 0.0315], [122930000.0, 0.0342876]]},
{"timestamp": 1743771218317, "bids": [[122509000.0, 0.0021427], [122379000.0, 0.006], [122373000.0, 0.02345], [122369000.0, 0.1], [122360000.0, 0.001], [122303000.0, 0.00987305], [122302000.0, 0.0312], [122299000.0, 0.01653534], [122215000.0, 0.00373187], [122055000.0, 0.00805195]], "asks": [[122637000.0, 0.050467], [122638000.0, 0.08333671], [122639000.0, 0.0018104], [122777000.0, 0.03007086], [122786000.0, 0.00032565], [122808000.0, 0.00490965], [122839000.0, 0.00200644], [122928000.0, 0.0315], [122930000.0, 0.0342876], [123000000.0, 0.01663029]]},
{"timestamp": 1743771218317, "bids": [[122509000.0, 0.0021427], [122379000.0, 0.006], [122373000.0, 0.02345], [122369000.0, 0.1], [122360000.0, 0.001], [122303000.0, 0.01798971], [122302000.0, 0.0312], [122299000.0, 0.01653534], [122215000.0, 0.00373187], [122055000.0, 0.00805195]], "asks": [[122637000.0, 0.050467], [122638000.0, 0.08333671], [122639000.0, 0.0018104], [122777000.0, 0.03007086], [122786000.0, 0.00032565], [122808000.0, 0.00490965], [122839000.0, 0.00200644], [122928000.0, 0.0315], [122930000.0, 0.0342876], [123000000.0, 0.01663029]]},
{"timestamp": 1743771218317, "bids": [[122509000.0, 0.0021427], [122379000.0, 0.006], [122373000.0, 0.02345], [122369000.0, 0.1], [122360000.0, 0.001], [122303000.0, 0.01798971], [122302000.0, 0.0312], [122299000.0, 0.01653534], [122215000.0, 0.00373187], [122055000.0, 0.00805195]], "asks": [[122637000.0, 0.050467], [122638000.0, 0.08333671], [122639000.0, 0.0018104], [122777000.0, 0.03007086], [122786000.0, 0.00032565], [122808000.0, 0.00490965], [122839000.0, 0.00200644], [122928000.0, 0.0315], [122930000.0, 0.0342876], [122999000.0, 0.05]]},
{"timestamp": 1743771218568, "bids": [[122509000.0, 0.0021427], [122379000.0, 0.006], [122373000.0, 0.02345], [122360000.0, 0.001], [122303000.0, 0.01798971], [122302000.0, 0.0312], [122299000.0, 0.01653534], [122215000.0, 0.00373187], [122055000.0, 0.00805195], [122003000.0, 0.03]], "asks": [[122637000.0, 0.050467], [122638000.0, 0.08333671], [122639000.0, 0.0018104], [122777000.0, 0.03007086], [122786000.0, 0.00032565], [122808000.0, 0.00490965], [122839000.0, 0.00200644], [122928000.0, 0.0315], [122930000.0, 0.0342876], [122999000.0, 0.05]]},
{"timestamp": 1743771218568, "bids": [[122509000.0, 0.0021427], [122379000.0, 0.006], [122373000.0, 0.02345], [122360000.0, 0.001], [122303000.0, 0.01798971], [122302000.0, 0.0312], [122299000.0, 0.01653534], [122215000.0, 0.00373187], [122055000.0, 0.00805195], [122003000.0, 0.03]], "asks": [[122637000.0, 0.050467], [122638000.0, 0.08184138], [122639000.0, 0.0018104], [122777000.0, 0.03007086], [122786000.0, 0.00032565], [122808000.0, 0.00490965], [122839000.0, 0.00200644], [122928000.0, 0.0315], [122930000.0, 0.0342876], [122999000.0, 0.05]]},
{"timestamp": 1743771218568, "bids": [[122509000.0, 0.0021427], [122379000.0, 0.006], [122373000.0, 0.02345], [122360000.0, 0.001], [122303000.0, 0.01798971], [122302000.0, 0.0312], [122299000.0, 0.01653534], [122215000.0, 0.00373187], [122055000.0, 0.00805195], [122003000.0, 0.03]], "asks": [[122637000.0, 0.050467], [122638000.0, 7.828e-05], [122639000.0, 0.0018104], [122777000.0, 0.03007086], [122786000.0, 0.00032565], [122808000.0, 0.00490965], [122839000.0, 0.00200644], [122928000.0, 0.0315], [122930000.0, 0.0342876], [122999000.0, 0.05]]},
{"timestamp": 1743771218568, "bids": [[122509000.0, 0.0021427], [122379000.0, 0.006], [122373000.0, 0.02345], [122360000.0, 0.001], [122303000.0, 0.01798971], [122302000.0, 0.0312], [122299000.0, 0.01653534], [122215000.0, 0.00373187], [122055000.0, 0.00805195], [122003000.0, 0.03]], "asks": [[122637000.0, 0.050467], [122639000.0, 0.0018104], [122777000.0, 0.03007086], [122786000.0, 0.00032565], [122808000.0, 0.00490965], [122839000.0, 0.00200644], [122928000.0, 0.0315], [122930000.0, 0.0342876], [122999000.0, 0.05], [123000000.0, 0.01663029]]},
{"timestamp": 1743771218974, "bids": [[122509000.0, 0.0021427], [122379000.0, 0.006], [122373000.0, 0.02345], [122360000.0, 0.001], [122303000.0, 0.01798971], [122302000.0, 0.0312], [122299000.0, 0.01653534], [122215000.0, 0.00373187], [122055000.0, 0.00805195], [122003000.0, 0.03]], "asks": [[122637000.0, 0.050467], [122639000.0, 0.0018104], [122776000.0, 0.03815036], [122777000.0, 0.03007086], [122786000.0, 0.00032565], [122808000.0, 0.00490965], [122839000.0, 0.00200644], [122928000.0, 0.0315], [122930000.0, 0.0342876], [122999000.0, 0.05]]},
{"timestamp": 1743771218974, "bids": [[122509000.0, 0.0021427], [122379000.0, 0.006], [122373000.0, 0.02345], [122360000.0, 0.001], [122303000.0, 0.01798971], [122302000.0, 0.0312], [122299000.0, 0.01653534], [122215000.0, 0.00373187], [122055000.0, 0.00805195], [122003000.0, 0.03]], "asks": [[122589000.0, 0.05], [122637000.0, 0.050467], [122639000.0, 0.0018104], [122776000.0, 0.03815036], [122777000.0, 0.03007086], [122786000.0, 0.00032565], [122808000.0, 0.00490965], [122839000.0, 0.00200644], [122928000.0, 0.0315], [122930000.0, 0.0342876]]},
{"timestamp": 1743771219211, "bids": [[122509000.0, 0.0021427], [122379000.0, 0.006], [122373000.0, 0.02345], [122360000.0, 0.001], [122354000.0, 0.0654], [122303000.0, 0.01798971], [122302000.0, 0.0312], [122299000.0, 0.01653534], [122215000.0, 0.00373187], [122055000.0, 0.00805195]], "asks": [[122589000.0, 0.05], [122637000.0, 0.050467], [122639000.0, 0.0018104], [122776000.0, 0.03815036], [122777000.0, 0.03007086], [122786000.0, 0.00032565], [122808000.0, 0.00490965], [122839000.0, 0.00200644], [122928000.0, 0.0315], [122930000.0, 0.0342876]]},
{"timestamp": 1743771219211, "bids": [[122509000.0, 0.0021427], [122379000.0, 0.006], [122373000.0, 0.02345], [122360000.0, 0.001], [122354000.0, 0.0654], [122303000.0, 0.01798971], [122302000.0, 0.0312], [122299000.0, 0.01653534], [122215000.0, 0.00373187], [122055000.0, 0.00805195]], "asks": [[122589000.0, 0.05], [122639000.0, 0.0018104], [122776000.0, 0.03815036], [122777000.0, 0.03007086], [122786000.0, 0.00032565], [122808000.0, 0.00490965], [122839000.0, 0.00200644], [122928000.0, 0.0315], [122930000.0, 0.0342876], [122999000.0, 0.05]]},
{"timestamp": 1743771219211, "bids": [[122509000.0, 0.0021427], [122379000.0, 0.006], [122373000.0, 0.02345], [122360000.0, 0.001], [122354000.0, 0.0654], [122303000.0, 0.01798971], [122302000.0, 0.0312], [122299000.0, 0.01653534], [122215000.0, 0.00373187], [122055000.0, 0.00805195]], "asks": [[122589000.0, 0.05], [122626000.0, 0.1], [122639000.0, 0.0018104], [122776000.0, 0.03815036], [122777000.0, 0.03007086], [122786000.0, 0.00032565], [122808000.0, 0.00490965], [122839000.0, 0.00200644], [122928000.0, 0.0315], [122930000.0, 0.0342876]]},
{"timestamp": 1743771219215, "bids": [[122509000.0, 0.0021427], [122379000.0, 0.006], [122373000.0, 0.02345], [122360000.0, 0.001], [122354000.0, 0.0654], [122303000.0, 0.01798971], [122302000.0, 0.0312], [122299000.0, 0.01653534], [122215000.0, 0.00373187], [122055000.0, 0.00805195]], "asks": [[122589000.0, 0.05], [122626000.0, 0.1], [122636000.0, 0.00149294], [122639000.0, 0.0018104], [122776000.0, 0.03815036], [122777000.0, 0.03007086], [122786000.0, 0.00032565], [122808000.0, 0.00490965], [122839000.0, 0.00200644], [122928000.0, 0.0315]]},
{"timestamp": 1743771219215, "bids": [[122509000.0, 0.0021427], [122379000.0, 0.006], [122373000.0, 0.02345], [122360000.0, 0.001], [122354000.0, 0.0654], [122303000.0, 0.01798971], [122302000.0, 0.0312], [122299000.0, 0.01653534], [122215000.0, 0.00373187], [122055000.0, 0.00805195]], "asks": [[122589000.0, 0.05], [122626000.0, 0.1], [122636000.0, 0.00157129], [122639000.0, 0.0018104], [122776000.0, 0.03815036], [122777000.0, 0.03007086], [122786000.0, 0.00032565], [122808000.0, 0.00490965], [122839000.0, 0.00200644], [122928000.0, 0.0315]]},
{"timestamp": 1743771219448, "bids": [[122509000.0, 0.0021427], [122379000.0, 0.006], [122373000.0, 0.02345], [122360000.0, 0.001], [122354000.0, 0.0654], [122347000.0, 0.1], [122303000.0, 0.01798971], [122302000.0, 0.0312], [122299000.0, 0.01653534], [122215000.0, 0.00373187]], "asks": [[122589000.0, 0.05], [122626000.0, 0.1], [122636000.0, 0.00157129], [122639000.0, 0.0018104], [122776000.0, 0.03815036], [122777000.0, 0.03007086], [122786000.0, 0.00032565], [122808000.0, 0.00490965], [122839000.0, 0.00200644], [122928000.0, 0.0315]]},
{"timestamp": 1743771219448, "bids": [[122509000.0, 0.0021427], [122379000.0, 0.006], [122373000.0, 0.02345], [122360000.0, 0.001], [122354000.0, 0.0654], [122347000.0, 0.1], [122303000.0, 0.00987305], [122302000.0, 0.0312], [122299000.0, 0.01653534], [122215000.0, 0.00373187]], "asks": [[122589000.0, 0.05], [122626000.0, 0.1], [122636000.0, 0.00157129], [122639000.0, 0.0018104], [122776000.0, 0.03815036], [122777000.0, 0.03007086], [122786000.0, 0.00032565], [122808000.0, 0.00490965], [122839000.0, 0.00200644], [122928000.0, 0.0315]]},
{"timestamp": 1743771219448, "bids": [[122509000.0, 0.0021427], [122379000.0, 0.006], [122373000.0, 0.02345], [122360000.0, 0.001], [122354000.0, 0.0654], [122347000.0, 0.1], [122303000.0, 0.00987305], [122302000.0, 0.0312], [122299000.0, 0.01653534], [122215000.0, 0.00373187]], "asks": [[122589000.0, 0.05], [122626000.0, 0.1], [122636000.0, 0.00149294], [122639000.0, 0.0018104], [122776000.0, 0.03815036], [122777000.0, 0.03007086], [122786000.0, 0.00032565], [122808000.0, 0.00490965], [122839000.0, 0.00200644], [122928000.0, 0.0315]]},
{"timestamp": 1743771219597, "bids": [[122509000.0, 0.0021427], [122379000.0, 0.006], [122373000.0, 0.02345], [122360000.0, 0.001], [122347000.0, 0.1], [122303000.0, 0.00987305], [122302000.0, 0.0312], [122299000.0, 0.01653534], [122215000.0, 0.00373187], [122055000.0, 0.00805195]], "asks": [[122589000.0, 0.05], [122626000.0, 0.1], [122636000.0, 0.00149294], [122639000.0, 0.0018104], [122776000.0, 0.03815036], [122777000.0, 0.03007086], [122786000.0, 0.00032565], [122808000.0, 0.00490965], [122839000.0, 0.00200644], [122928000.0, 0.0315]]},
{"timestamp": 1743771219597, "bids": [[122509000.0, 0.0021427], [122379000.0, 0.006], [122373000.0, 0.02345], [122360000.0, 0.001], [122303000.0, 0.00987305], [122302000.0, 0.0312], [122299000.0, 0.01653534], [122215000.0, 0.00373187], [122055000.0, 0.00805195], [122003000.0, 0.03]], "asks": [[122589000.0, 0.05], [122626000.0, 0.1], [122636000.0, 0.00149294], [122639000.0, 0.0018104], [122776000.0, 0.03815036], [122777000.0, 0.03007086], [122786000.0, 0.00032565], [122808000.0, 0.00490965], [122839000.0, 0.00200644], [122928000.0, 0.0315]]},
{"timestamp": 1743771219597, "bids": [[122509000.0, 0.0021427], [122379000.0, 0.006], [122373000.0, 0.02345], [122360000.0, 0.001], [122303000.0, 0.01836951], [122302000.0, 0.0312], [122299000.0, 0.01653534], [122215000.0, 0.00373187], [122055000.0, 0.00805195], [122003000.0, 0.03]], "asks": [[122589000.0, 0.05], [122626000.0, 0.1], [122636000.0, 0.00149294], [122639000.0, 0.0018104], [122776000.0, 0.03815036], [122777000.0, 0.03007086], [122786000.0, 0.00032565], [122808000.0, 0.00490965], [122839000.0, 0.00200644], [122928000.0, 0.0315]]},
{"timestamp": 1743771219767, "bids": [[122509000.0, 0.0021427], [122379000.0, 0.006], [122373000.0, 0.02345], [122360000.0, 0.001], [122303000.0, 0.01836951], [122302000.0, 0.0312], [122299000.0, 0.01653534], [122215000.0, 0.00373187], [122055000.0, 0.00805195], [122003000.0, 0.03]], "asks": [[122589000.0, 0.05], [122626000.0, 0.1], [122639000.0, 0.0018104], [122776000.0, 0.03815036], [122777000.0, 0.03007086], [122786000.0, 0.00032565], [122808000.0, 0.00490965], [122839000.0, 0.00200644], [122928000.0, 0.0315], [122930000.0, 0.0342876]]},
{"timestamp": 1743771219767, "bids": [[122509000.0, 0.0021427], [122379000.0, 0.006], [122360000.0, 0.001], [122303000.0, 0.01836951], [122302000.0, 0.0312], [122299000.0, 0.01653534], [122215000.0, 0.00373187], [122055000.0, 0.00805195], [122003000.0, 0.03], [122002000.0, 0.0643]], "asks": [[122589000.0, 0.05], [122626000.0, 0.1], [122639000.0, 0.0018104], [122776000.0, 0.03815036], [122777000.0, 0.03007086], [122786000.0, 0.00032565], [122808000.0, 0.00490965], [122839000.0, 0.00200644], [122928000.0, 0.0315], [122930000.0, 0.0342876]]},
{"timestamp": 1743771219767, "bids": [[122509000.0, 0.0021427], [122379000.0, 0.006], [122360000.0, 0.001], [122303000.0, 0.01836951], [122302000.0, 0.0312], [122299000.0, 0.01653534], [122215000.0, 0.00373187], [122055000.0, 0.00805195], [122003000.0, 0.03], [122002000.0, 0.0643]], "asks": [[122588000.0, 0.050467], [122589000.0, 0.05], [122626000.0, 0.1], [122639000.0, 0.0018104], [122776000.0, 0.03815036], [122777000.0, 0.03007086], [122786000.0, 0.00032565], [122808000.0, 0.00490965], [122839000.0, 0.00200644], [122928000.0, 0.0315]]},
{"timestamp": 1743771219974, "bids": [[122509000.0, 0.0021427], [122379000.0, 0.006], [122360000.0, 0.001], [122303000.0, 0.01836951], [122302000.0, 0.0312], [122299000.0, 0.01653534], [122215000.0, 0.00373187], [122055000.0, 0.00805195], [122003000.0, 0.06], [122002000.0, 0.0643]], "asks": [[122588000.0, 0.050467], [122589000.0, 0.05], [122626000.0, 0.1], [122639000.0, 0.0018104], [122776000.0, 0.03815036], [122777000.0, 0.03007086], [122786000.0, 0.00032565], [122808000.0, 0.00490965], [122839000.0, 0.00200644], [122928000.0, 0.0315]]},
{"timestamp": 1743771219974, "bids": [[122509000.0, 0.0021427], [122394000.0, 0.00515], [122379000.0, 0.006], [122360000.0, 0.001], [122303000.0, 0.01836951], [122302000.0, 0.0312], [122299000.0, 0.01653534], [122215000.0, 0.00373187], [122055000.0, 0.00805195], [122003000.0, 0.06]], "asks": [[122588000.0, 0.050467], [122589000.0, 0.05], [122626000.0, 0.1], [122639000.0, 0.0018104], [122776000.0, 0.03815036], [122777000.0, 0.03007086], [122786000.0, 0.00032565], [122808000.0, 0.00490965], [122839000.0, 0.00200644], [122928000.0, 0.0315]]},
{"timestamp": 1743771219974, "bids": [[122509000.0, 0.0021427], [122394000.0, 0.00515], [122379000.0, 0.006], [122360000.0, 0.001], [122303000.0, 0.00987305], [122302000.0, 0.0312], [122299000.0, 0.01653534], [122215000.0, 0.00373187], [122055000.0, 0.00805195], [122003000.0, 0.06]], "asks": [[122588000.0, 0.050467], [122589000.0, 0.05], [122626000.0, 0.1], [122639000.0, 0.0018104], [122776000.0, 0.03815036], [122777000.0, 0.03007086], [122786000.0, 0.00032565], [122808000.0, 0.00490965], [122839000.0, 0.00200644], [122928000.0, 0.0315]]},
{"timestamp": 1743771219974, "bids": [[122509000.0, 0.0021427], [122394000.0, 0.00515], [122379000.0, 0.006], [122360000.0, 0.001], [122303000.0, 0.00987305], [122302000.0, 0.0312], [122299000.0, 0.01653534], [122215000.0, 0.00373187], [122055000.0, 0.00805195], [122003000.0, 0.06]], "asks": [[122588000.0, 0.1322301], [122589000.0, 0.05], [122626000.0, 0.1], [122639000.0, 0.0018104], [122776000.0, 0.03815036], [122777000.0, 0.03007086], [122786000.0, 0.00032565], [122808000.0, 0.00490965], [122839000.0, 0.00200644], [122928000.0, 0.0315]]},
{"timestamp": 1743771220197, "bids": [[122509000.0, 0.0021427], [122394000.0, 0.00515], [122379000.0, 0.006], [122360000.0, 0.001], [122303000.0, 0.00987305], [122302000.0, 0.0312], [122299000.0, 0.01653534], [122215000.0, 0.00373187], [122055000.0, 0.00805195], [122003000.0, 0.06]], "asks": [[122588000.0, 0.1322301], [122626000.0, 0.1], [122639000.0, 0.0018104], [122776000.0, 0.03815036], [122777000.0, 0.03007086], [122786000.0, 0.00032565], [122808000.0, 0.00490965], [122839000.0, 0.00200644], [122928000.0, 0.0315], [122930000.0, 0.0342876]]},
{"timestamp": 1743771220198, "bids": [[122509000.0, 0.0021427], [122394000.0, 0.00515], [122379000.0, 0.006], [122360000.0, 0.001], [122303000.0, 0.00987305], [122302000.0, 0.0312], [122299000.0, 0.01653534], [122215000.0, 0.00373187], [122055000.0, 0.00805195], [122003000.0, 0.06]], "asks": [[122588000.0, 0.1322301], [122626000.0, 0.1], [122776000.0, 0.03815036], [122777000.0, 0.03007086], [122786000.0, 0.00032565], [122808000.0, 0.00490965], [122839000.0, 0.00200644], [122928000.0, 0.0315], [122930000.0, 0.0342876], [122999000.0, 0.05]]},
{"timestamp": 1743771220198, "bids": [[122394000.0, 0.00515], [122379000.0, 0.006], [122360000.0, 0.001], [122303000.0, 0.00987305], [122302000.0, 0.0312], [122299000.0, 0.01653534], [122215000.0, 0.00373187], [122055000.0, 0.00805195], [122003000.0, 0.06], [122002000.0, 0.0643]], "asks": [[122588000.0, 0.1322301], [122626000.0, 0.1], [122776000.0, 0.03815036], [122777000.0, 0.03007086], [122786000.0, 0.00032565], [122808000.0, 0.00490965], [122839000.0, 0.00200644], [122928000.0, 0.0315], [122930000.0, 0.0342876], [122999000.0, 0.05]]},
{"timestamp": 1743771220382, "bids": [[122394000.0, 0.00515], [122379000.0, 0.006], [122360000.0, 0.001], [122303000.0, 0.00987305], [122302000.0, 0.0312], [122299000.0, 0.01653534], [122215000.0, 0.00373187], [122055000.0, 0.00805195], [122003000.0, 0.06], [122002000.0, 0.0643]], "asks": [[122588000.0, 0.1322301], [122626000.0, 0.1], [122776000.0, 0.03815036], [122777000.0, 0.03007086], [122786000.0, 0.00032565], [122808000.0, 0.00490965], [122839000.0, 0.00200644], [122928000.0, 0.0315], [122930000.0, 0.0342876], [123000000.0, 0.01663029]]},
{"timestamp": 1743771220382, "bids": [[122394000.0, 0.00515], [122379000.0, 0.006], [122360000.0, 0.001], [122303000.0, 0.00987305], [122302000.0, 0.0312], [122299000.0, 0.01653534], [122215000.0, 0.00373187], [122055000.0, 0.00805195], [122003000.0, 0.06], [122002000.0, 0.0643]], "asks": [[122588000.0, 0.1322301], [122626000.0, 0.1], [122776000.0, 0.03815036], [122777000.0, 0.03007086], [122786000.0, 0.00032565], [122808000.0, 0.00490965], [122839000.0, 0.00200644], [122928000.0, 0.0315], [122930000.0, 0.0342876], [123000000.0, 0.01663029]]},
{"timestamp": 1743771220382, "bids": [[122394000.0, 0.00515], [122379000.0, 0.006], [122360000.0, 0.001], [122303000.0, 0.00987305], [122302000.0, 0.0312], [122299000.0, 0.01653534], [122215000.0, 0.00373187], [122055000.0, 0.00805195], [122003000.0, 0.06], [122002000.0, 0.0643]], "asks": [[122588000.0, 0.1322301], [122626000.0, 0.1], [122776000.0, 0.03815036], [122777000.0, 0.03007086], [122786000.0, 0.00032565], [122808000.0, 0.00490965], [122839000.0, 0.00200644], [122928000.0, 0.0315], [122930000.0, 0.0342876], [123000000.0, 0.01663029]]},
{"timestamp": 1743771220620, "bids": [[122394000.0, 0.00515], [122379000.0, 0.006], [122360000.0, 0.001], [122303000.0, 0.00987305], [122302000.0, 0.0312], [122299000.0, 0.01653534], [122215000.0, 0.00373187], [122055000.0, 0.00805195], [122003000.0, 0.06], [122002000.0, 0.0643]], "asks": [[122588000.0, 0.1322301], [122625000.0, 0.00139197], [122626000.0, 0.1], [122776000.0, 0.03815036], [122777000.0, 0.03007086], [122786000.0, 0.00032565], [122808000.0, 0.00490965], [122839000.0, 0.00200644], [122928000.0, 0.0315], [122930000.0, 0.0342876]]},
{"timestamp": 1743771220620, "bids": [[122394000.0, 0.00515], [122379000.0, 0.006], [122360000.0, 0.001], [122303000.0, 0.00987305], [122302000.0, 0.0312], [122299000.0, 0.01653534], [122215000.0, 0.00373187], [122055000.0, 0.00805195], [122003000.0, 0.06], [122002000.0, 0.0643]], "asks": [[122588000.0, 0.1322301], [122625000.0, 0.00147031], [122626000.0, 0.1], [122776000.0, 0.03815036], [122777000.0, 0.03007086], [122786000.0, 0.00032565], [122808000.0, 0.00490965], [122839000.0, 0.00200644], [122928000.0, 0.0315], [122930000.0, 0.0342876]]},
{"timestamp": 1743771220620, "bids": [[122394000.0, 0.00515], [122379000.0, 0.006], [122360000.0, 0.001], [122341000.0, 0.1], [122303000.0, 0.00987305], [122302000.0, 0.0312], [122299000.0, 0.01653534], [122215000.0, 0.00373187], [122055000.0, 0.00805195], [122003000.0, 0.06]], "asks": [[122588000.0, 0.1322301], [122625000.0, 0.00147031], [122626000.0, 0.1], [122776000.0, 0.03815036], [122777000.0, 0.03007086], [122786000.0, 0.00032565], [122808000.0, 0.00490965], [122839000.0, 0.00200644], [122928000.0, 0.0315], [122930000.0, 0.0342876]]},
{"timestamp": 1743771220620, "bids": [[122394000.0, 0.00515], [122379000.0, 0.006], [122360000.0, 0.001], [122341000.0, 0.1], [122303000.0, 0.00987305], [122302000.0, 0.0312], [122299000.0, 0.01653534], [122215000.0, 0.00373187], [122055000.0, 0.00805195], [122003000.0, 0.06]], "asks": [[122588000.0, 0.1322301], [122611000.0, 0.00233724], [122625000.0, 0.00147031], [122626000.0, 0.1], [122776000.0, 0.03815036], [122777000.0, 0.03007086], [122786000.0, 0.00032565], [122808000.0, 0.00490965], [122839000.0, 0.00200644], [122928000.0, 0.0315]]},
{"timestamp": 1743771220620, "bids": [[122484000.0, 0.00145704], [122394000.0, 0.00515], [122379000.0, 0.006], [122360000.0, 0.001], [122341000.0, 0.1], [122303000.0, 0.00987305], [122302000.0, 0.0312], [122299000.0, 0.01653534], [122215000.0, 0.00373187], [122055000.0, 0.00805195]], "asks": [[122588000.0, 0.1322301], [122611000.0, 0.00233724], [122625000.0, 0.00147031], [122626000.0, 0.1], [122776000.0, 0.03815036], [122777000.0, 0.03007086], [122786000.0, 0.00032565], [122808000.0, 0.00490965], [122839000.0, 0.00200644], [122928000.0, 0.0315]]},
{"timestamp": 1743771220620, "bids": [[122484000.0, 0.00145704], [122394000.0, 0.00515], [122379000.0, 0.006], [122360000.0, 0.001], [122341000.0, 0.1], [122303000.0, 0.00987305], [122302000.0, 0.0312], [122299000.0, 0.01653534], [122215000.0, 0.00373187], [122055000.0, 0.00805195]], "asks": [[122588000.0, 0.1322301], [122611000.0, 0.00233724], [122625000.0, 0.00147031], [122626000.0, 0.1], [122776000.0, 0.03815036], [122777000.0, 0.03007086], [122786000.0, 0.00032565], [122808000.0, 0.00490965], [122839000.0, 0.00200644], [122928000.0, 0.0315]]},
{"timestamp": 1743771220620, "bids": [[122484000.0, 0.00145704], [122394000.0, 0.00515], [122379000.0, 0.006], [122360000.0, 0.001], [122341000.0, 0.1], [122303000.0, 0.00987305], [122302000.0, 0.0312], [122299000.0, 0.01653534], [122215000.0, 0.00373187], [122055000.0, 0.00805195]], "asks": [[122588000.0, 0.1322301], [122611000.0, 0.00233724], [122625000.0, 0.00147031], [122626000.0, 0.1], [122776000.0, 0.03815036], [122777000.0, 0.03007086], [122786000.0, 0.00032565], [122808000.0, 0.00490965], [122839000.0, 0.00200644], [122928000.0, 0.0315]]},
{"timestamp": 1743771220770, "bids": [[122484000.0, 0.00145704], [122394000.0, 0.00515], [122379000.0, 0.006], [122360000.0, 0.001], [122341000.0, 0.1], [122303000.0, 0.00987305], [122302000.0, 0.0312], [122299000.0, 0.01653534], [122215000.0, 0.00373187], [122055000.0, 0.00805195]], "asks": [[122588000.0, 0.1322301], [122611000.0, 0.00233724], [122625000.0, 7.834e-05], [122626000.0, 0.1], [122776000.0, 0.03815036], [122777000.0, 0.03007086], [122786000.0, 0.00032565], [122808000.0, 0.00490965], [122839000.0, 0.00200644], [122928000.0, 0.0315]]},
{"timestamp": 1743771220770, "bids": [[122484000.0, 0.00145704], [122394000.0, 0.00515], [122379000.0, 0.006], [122360000.0, 0.001], [122353000.0, 0.0654], [122341000.0, 0.1], [122303000.0, 0.00987305], [122302000.0, 0.0312], [122299000.0, 0.01653534], [122215000.0, 0.00373187]], "asks": [[122588000.0, 0.1322301], [122611000.0, 0.00233724], [122625000.0, 7.834e-05], [122626000.0, 0.1], [122776000.0, 0.03815036], [122777000.0, 0.03007086], [122786000.0, 0.00032565], [122808000.0, 0.00490965], [122839000.0, 0.00200644], [122928000.0, 0.0315]]},
{"timestamp": 1743771220975, "bids": [[122484000.0, 0.00145704], [122394000.0, 0.00515], [122379000.0, 0.006], [122360000.0, 0.001], [122353000.0, 0.0654], [122303000.0, 0.00987305], [122302000.0, 0.0312], [122299000.0, 0.01653534], [122215000.0, 0.00373187], [122055000.0, 0.00805195]], "asks": [[122588000.0, 0.1322301], [122611000.0, 0.00233724], [122625000.0, 7.834e-05], [122626000.0, 0.1], [122776000.0, 0.03815036], [122777000.0, 0.03007086], [122786000.0, 0.00032565], [122808000.0, 0.00490965], [122839000.0, 0.00200644], [122928000.0, 0.0315]]},
{"timestamp": 1743771220975, "bids": [[122484000.0, 0.00145704], [122394000.0, 0.00515], [122379000.0, 0.006], [122360000.0, 0.001], [122353000.0, 0.0654], [122303000.0, 0.0185209], [122302000.0, 0.0312], [122299000.0, 0.01653534], [122215000.0, 0.00373187], [122055000.0, 0.00805195]], "asks": [[122588000.0, 0.1322301], [122611000.0, 0.00233724], [122625000.0, 7.834e-05], [122626000.0, 0.1], [122776000.0, 0.03815036], [122777000.0, 0.03007086], [122786000.0, 0.00032565], [122808000.0, 0.00490965], [122839000.0, 0.00200644], [122928000.0, 0.0315]]},
{"timestamp": 1743771221449, "bids": [[122484000.0, 0.00145704], [122394000.0, 0.00515], [122379000.0, 0.006], [122360000.0, 0.001], [122303000.0, 0.0185209], [122302000.0, 0.0312], [122299000.0, 0.01653534], [122215000.0, 0.00373187], [122055000.0, 0.00805195], [122003000.0, 0.06]], "asks": [[122588000.0, 0.1322301], [122611000.0, 0.00233724], [122625000.0, 7.834e-05], [122626000.0, 0.1], [122776000.0, 0.03815036], [122777000.0, 0.03007086], [122786000.0, 0.00032565], [122808000.0, 0.00490965], [122839000.0, 0.00200644], [122928000.0, 0.0315]]},
{"timestamp": 1743771221449, "bids": [[122484000.0, 0.00145704], [122394000.0, 0.00515], [122379000.0, 0.006], [122360000.0, 0.001], [122303000.0, 0.0185209], [122302000.0, 0.0312], [122299000.0, 0.01653534], [122215000.0, 0.00373187], [122055000.0, 0.00805195], [122003000.0, 0.03]], "asks": [[122588000.0, 0.1322301], [122611000.0, 0.00233724], [122625000.0, 7.834e-05], [122626000.0, 0.1], [122776000.0, 0.03815036], [122777000.0, 0.03007086], [122786000.0, 0.00032565], [122808000.0, 0.00490965], [122839000.0, 0.00200644], [122928000.0, 0.0315]]},
{"timestamp": 1743771221853, "bids": [[122484000.0, 0.00145704], [122394000.0, 0.00515], [122379000.0, 0.006], [122360000.0, 0.001], [122303000.0, 0.0185209], [122302000.0, 0.0312], [122299000.0, 0.01653534], [122215000.0, 0.00373187], [122055000.0, 0.00805195], [122003000.0, 0.03]], "asks": [[122588000.0, 0.1322301], [122610000.0, 0.03818364], [122611000.0, 0.00233724], [122625000.0, 7.834e-05], [122626000.0, 0.1], [122776000.0, 0.03815036], [122777000.0, 0.03007086], [122786000.0, 0.00032565], [122808000.0, 0.00490965], [122839000.0, 0.00200644]]},
{"timestamp": 1743771221853, "bids": [[122484000.0, 0.00145704], [122394000.0, 0.00515], [122379000.0, 0.006], [122360000.0, 0.001], [122303000.0, 0.0185209], [122302000.0, 0.0312], [122299000.0, 0.01653534], [122215000.0, 0.00373187], [122055000.0, 0.00805195], [122003000.0, 0.03]], "asks": [[122525000.0, 0.00535], [122588000.0, 0.1322301], [122610000.0, 0.03818364], [122611000.0, 0.00233724], [122625000.0, 7.834e-05], [122626000.0, 0.1], [122776000.0, 0.03815036], [122777000.0, 0.03007086], [122786000.0, 0.00032565], [122808000.0, 0.00490965]]},
{"timestamp": 1743771221853, "bids": [[122484000.0, 0.00145704], [122394000.0, 0.00515], [122379000.0, 0.006], [122360000.0, 0.001], [122303000.0, 0.0185209], [122302000.0, 0.0312], [122299000.0, 0.01653534], [122215000.0, 0.00373187], [122055000.0, 0.00805195], [122003000.0, 0.03]], "asks": [[122525000.0, 0.00535], [122588000.0, 0.1322301], [122610000.0, 0.03818364], [122611000.0, 0.00233724], [122625000.0, 7.834e-05], [122626000.0, 0.1], [122777000.0, 0.03007086], [122786000.0, 0.00032565], [122808000.0, 0.00490965], [122839000.0, 0.00200644]]},
{"timestamp": 1743771221995, "bids": [[122484000.0, 0.00145704], [122394000.0, 0.00515], [122379000.0, 0.006], [122360000.0, 0.001], [122303000.0, 0.0185209], [122302000.0, 0.0312], [122299000.0, 0.01653534], [122215000.0, 0.00373187], [122055000.0, 0.00805195], [122003000.0, 0.03]], "asks": [[122525000.0, 0.00535], [122588000.0, 0.1322301], [122610000.0, 0.03818364], [122611000.0, 0.00233724], [122625000.0, 7.834e-05], [122626000.0, 0.1], [122776000.0, 0.00278691], [122777000.0, 0.03007086], [122786000.0, 0.00032565], [122808000.0, 0.00490965]]},
{"timestamp": 1743771221995, "bids": [[122484000.0, 0.00145704], [122394000.0, 0.00515], [122379000.0, 0.006], [122360000.0, 0.001], [122348000.0, 0.1], [122303000.0, 0.0185209], [122302000.0, 0.0312], [122299000.0, 0.01653534], [122215000.0, 0.00373187], [122055000.0, 0.00805195]], "asks": [[122525000.0, 0.00535], [122588000.0, 0.1322301], [122610000.0, 0.03818364], [122611000.0, 0.00233724], [122625000.0, 7.834e-05], [122626000.0, 0.1], [122776000.0, 0.00278691], [122777000.0, 0.03007086], [122786000.0, 0.00032565], [122808000.0, 0.00490965]]},
{"timestamp": 1743771221995, "bids": [[122484000.0, 0.00145704], [122394000.0, 0.00515], [122379000.0, 0.006], [122360000.0, 0.001], [122348000.0, 0.1], [122303000.0, 0.00864785], [122302000.0, 0.0312], [122299000.0, 0.01653534], [122215000.0, 0.00373187], [122055000.0, 0.00805195]], "asks": [[122525000.0, 0.00535], [122588000.0, 0.1322301], [122610000.0, 0.03818364], [122611000.0, 0.00233724], [122625000.0, 7.834e-05], [122626000.0, 0.1], [122776000.0, 0.00278691], [122777000.0, 0.03007086], [122786000.0, 0.00032565], [122808000.0, 0.00490965]]},
{"timestamp": 1743771221995, "bids": [[122484000.0, 0.00145704], [122394000.0, 0.00515], [122379000.0, 0.006], [122360000.0, 0.001], [122348000.0, 0.1], [122303000.0, 0.00864785], [122302000.0, 0.0312], [122299000.0, 0.01653534], [122215000.0, 0.00373187], [122055000.0, 0.00805195]], "asks": [[122525000.0, 0.00535], [122588000.0, 0.1322301], [122610000.0, 0.03818364], [122611000.0, 0.00233724], [122625000.0, 7.834e-05], [122626000.0, 0.1], [122776000.0, 0.00278691], [122777000.0, 0.03007086], [122786000.0, 0.00032565], [122808000.0, 0.00490965]]},
{"timestamp": 1743771222177, "bids": [[122484000.0, 0.00145704], [122394000.0, 0.00515], [122379000.0, 0.006], [122360000.0, 0.001], [122348000.0, 0.1], [122303000.0, 0.00864785], [122302000.0, 0.0312], [122299000.0, 0.01653534], [122215000.0, 0.00373187], [122055000.0, 0.00805195]], "asks": [[122525000.0, 0.00535], [122588000.0, 0.0817631], [122610000.0, 0.03818364], [122611000.0, 0.00233724], [122625000.0, 7.834e-05], [122626000.0, 0.1], [122776000.0, 0.00278691], [122777000.0, 0.03007086], [122786000.0, 0.00032565], [122808000.0, 0.00490965]]},
{"timestamp": 1743771222178, "bids": [[122484000.0, 0.00145704], [122394000.0, 0.00515], [122379000.0, 0.006], [122360000.0, 0.001], [122348000.0, 0.1], [122303000.0, 0.00924501], [122302000.0, 0.0312], [122299000.0, 0.01653534], [122215000.0, 0.00373187], [122055000.0, 0.00805195]], "asks": [[122525000.0, 0.00535], [122588000.0, 0.0817631], [122610000.0, 0.03818364], [122611000.0, 0.00233724], [122625000.0, 7.834e-05], [122626000.0, 0.1], [122776000.0, 0.00278691], [122777000.0, 0.03007086], [122786000.0, 0.00032565], [122808000.0, 0.00490965]]},
{"timestamp": 1743771222178, "bids": [[122484000.0, 0.00145704], [122394000.0, 0.00515], [122379000.0, 0.006], [122360000.0, 0.001], [122348000.0, 0.1], [122303000.0, 0.00924501], [122302000.0, 0.0312], [122299000.0, 0.01653534], [122215000.0, 0.00373187], [122055000.0, 0.00805195]], "asks": [[122525000.0, 0.00535], [122588000.0, 0.0817631], [122611000.0, 0.00233724], [122625000.0, 7.834e-05], [122626000.0, 0.1], [122776000.0, 0.00278691], [122777000.0, 0.03007086], [122786000.0, 0.00032565], [122808000.0, 0.00490965], [122839000.0, 0.00200644]]},
{"timestamp": 1743771222178, "bids": [[122484000.0, 0.00145704], [122394000.0, 0.00515], [122379000.0, 0.006], [122360000.0, 0.001], [122348000.0, 0.1], [122303000.0, 0.00924501], [122302000.0, 0.0312], [122299000.0, 0.01653534], [122215000.0, 0.00373187], [122055000.0, 0.00805195]], "asks": [[122525000.0, 0.00535], [122588000.0, 0.0817631], [122611000.0, 0.00233724], [122625000.0, 7.834e-05], [122626000.0, 0.1], [122776000.0, 0.00278691], [122777000.0, 0.03007086], [122786000.0, 0.00032565], [122808000.0, 0.00490965], [122839000.0, 0.00200644]]},
{"timestamp": 1743771222377, "bids": [[122484000.0, 0.00145704], [122394000.0, 0.00515], [122379000.0, 0.006], [122360000.0, 0.001], [122348000.0, 0.1], [122303000.0, 0.00924501], [122302000.0, 0.0312], [122299000.0, 0.01653534], [122215000.0, 0.00373187], [122055000.0, 0.00805195]], "asks": [[122525000.0, 0.00535], [122588000.0, 0.0817631], [122611000.0, 0.00233724], [122625000.0, 7.834e-05], [122626000.0, 0.1], [122777000.0, 0.03007086], [122786000.0, 0.00032565], [122808000.0, 0.00490965], [122839000.0, 0.00200644], [122928000.0, 0.0315]]},
{"timestamp": 1743771222377, "bids": [[122484000.0, 0.00145704], [122394000.0, 0.00515], [122379000.0, 0.006], [122360000.0, 0.001], [122348000.0, 0.1], [122303000.0, 0.00924501], [122302000.0, 0.0312], [122299000.0, 0.01653534], [122215000.0, 0.00373187], [122055000.0, 0.00805195]], "asks": [[122525000.0, 0.00535], [122588000.0, 0.0817631], [122625000.0, 7.834e-05], [122626000.0, 0.1], [122777000.0, 0.03007086], [122786000.0, 0.00032565], [122808000.0, 0.00490965], [122839000.0, 0.00200644], [122928000.0, 0.0315], [122930000.0, 0.0342876]]},
{"timestamp": 1743771222577, "bids": [[122484000.0, 0.00145704], [122394000.0, 0.00515], [122379000.0, 0.006], [122360000.0, 0.001], [122348000.0, 0.1], [122303000.0, 0.00924501], [122302000.0, 0.0312], [122299000.0, 0.01653534], [122215000.0, 0.00373187], [122055000.0, 0.00805195]], "asks": [[122525000.0, 0.00535], [122625000.0, 7.834e-05], [122626000.0, 0.1], [122777000.0, 0.03007086], [122786000.0, 0.00032565], [122808000.0, 0.00490965], [122839000.0, 0.00200644], [122928000.0, 0.0315], [122930000.0, 0.0342876], [123000000.0, 0.01663029]]},
{"timestamp": 1743771222577, "bids": [[122484000.0, 0.00145704], [122394000.0, 0.00515], [122379000.0, 0.006], [122360000.0, 0.001], [122348000.0, 0.1], [122303000.0, 0.00924501], [122302000.0, 0.0312], [122299000.0, 0.01653534], [122215000.0, 0.00373187], [122055000.0, 0.00805195]], "asks": [[122525000.0, 0.00535], [122625000.0, 7.834e-05], [122626000.0, 0.1], [122777000.0, 0.03007086], [122786000.0, 0.00032565], [122808000.0, 0.00490965], [122839000.0, 0.00200644], [122928000.0, 0.0315], [122930000.0, 0.0342876], [122999000.0, 0.05]]},
{"timestamp": 1743771222577, "bids": [[122484000.0, 0.00145704], [122394000.0, 0.00515], [122379000.0, 0.006], [122360000.0, 0.001], [122348000.0, 0.1], [122303000.0, 0.00864785], [122302000.0, 0.0312], [122299000.0, 0.01653534], [122215000.0, 0.00373187], [122055000.0, 0.00805195]], "asks": [[122525000.0, 0.00535], [122625000.0, 7.834e-05], [122626000.0, 0.1], [122777000.0, 0.03007086], [122786000.0, 0.00032565], [122808000.0, 0.00490965], [122839000.0, 0.00200644], [122928000.0, 0.0315], [122930000.0, 0.0342876], [122999000.0, 0.05]]},
{"timestamp": 1743771222822, "bids": [[122484000.0, 0.00145704], [122394000.0, 0.00515], [122379000.0, 0.006], [122360000.0, 0.001], [122353000.0, 0.0654], [122348000.0, 0.1], [122303000.0, 0.00864785], [122302000.0, 0.0312], [122299000.0, 0.01653534], [122215000.0, 0.00373187]], "asks": [[122525000.0, 0.00535], [122625000.0, 7.834e-05], [122626000.0, 0.1], [122777000.0, 0.03007086], [122786000.0, 0.00032565], [122808000.0, 0.00490965], [122839000.0, 0.00200644], [122928000.0, 0.0315], [122930000.0, 0.0342876], [122999000.0, 0.05]]},
{"timestamp": 1743771222822, "bids": [[122484000.0, 0.00145704], [122394000.0, 0.00515], [122379000.0, 0.006], [122360000.0, 0.001], [122353000.0, 0.0654], [122348000.0, 0.1], [122303000.0, 0.00864785], [122302000.0, 0.0312], [122299000.0, 0.01653534], [122215000.0, 0.00373187]], "asks": [[122524000.0, 0.050467], [122525000.0, 0.00535], [122625000.0, 7.834e-05], [122626000.0, 0.1], [122777000.0, 0.03007086], [122786000.0, 0.00032565], [122808000.0, 0.00490965], [122839000.0, 0.00200644], [122928000.0, 0.0315], [122930000.0, 0.0342876]]},
{"timestamp": 1743771222967, "bids": [[122484000.0, 0.00145704], [122394000.0, 0.00515], [122379000.0, 0.006], [122360000.0, 0.001], [122353000.0, 0.0654], [122348000.0, 0.1], [122303000.0, 0.00864785], [122302000.0, 0.0312], [122299000.0, 0.01653534], [122215000.0, 0.00373187]], "asks": [[122524000.0, 0.050467], [122525000.0, 0.00535], [122625000.0, 7.834e-05], [122777000.0, 0.03007086], [122786000.0, 0.00032565], [122808000.0, 0.00490965], [122839000.0, 0.00200644], [122928000.0, 0.0315], [122930000.0, 0.0342876], [122999000.0, 0.05]]},
{"timestamp": 1743771222967, "bids": [[122394000.0, 0.00515], [122379000.0, 0.006], [122360000.0, 0.001], [122353000.0, 0.0654], [122348000.0, 0.1], [122303000.0, 0.00864785], [122302000.0, 0.0312], [122299000.0, 0.01653534], [122215000.0, 0.00373187], [122055000.0, 0.00805195]], "asks": [[122524000.0, 0.050467], [122525000.0, 0.00535], [122625000.0, 7.834e-05], [122777000.0, 0.03007086], [122786000.0, 0.00032565], [122808000.0, 0.00490965], [122839000.0, 0.00200644], [122928000.0, 0.0315], [122930000.0, 0.0342876], [122999000.0, 0.05]]},
{"timestamp": 1743771222967, "bids": [[122394000.0, 0.00515], [122379000.0, 0.006], [122360000.0, 0.001], [122353000.0, 0.0654], [122303000.0, 0.00864785], [122302000.0, 0.0312], [122299000.0, 0.01653534], [122215000.0, 0.00373187], [122055000.0, 0.00805195], [122003000.0, 0.03]], "asks": [[122524000.0, 0.050467], [122525000.0, 0.00535], [122625000.0, 7.834e-05], [122777000.0, 0.03007086], [122786000.0, 0.00032565], [122808000.0, 0.00490965], [122839000.0, 0.00200644], [122928000.0, 0.0315], [122930000.0, 0.0342876], [122999000.0, 0.05]]},
{"timestamp": 1743771222967, "bids": [[122394000.0, 0.00515], [122379000.0, 0.006], [122360000.0, 0.001], [122353000.0, 0.0654], [122303000.0, 0.00864785], [122302000.0, 0.0312], [122299000.0, 0.01653534], [122215000.0, 0.00373187], [122055000.0, 0.00805195], [122003000.0, 0.03]], "asks": [[122524000.0, 0.050467], [122525000.0, 0.00535], [122541000.0, 0.02395], [122625000.0, 7.834e-05], [122777000.0, 0.03007086], [122786000.0, 0.00032565], [122808000.0, 0.00490965], [122839000.0, 0.00200644], [122928000.0, 0.0315], [122930000.0, 0.0342876]]},
{"timestamp": 1743771222967, "bids": [[122394000.0, 0.00515], [122379000.0, 0.006], [122360000.0, 0.001], [122353000.0, 0.0654], [122303000.0, 0.00864785], [122302000.0, 0.0312], [122299000.0, 0.01653534], [122215000.0, 0.00373187], [122055000.0, 0.00805195], [122003000.0, 0.03]], "asks": [[122524000.0, 0.050467], [122525000.0, 0.00535], [122541000.0, 0.02395], [122625000.0, 0.00147051], [122777000.0, 0.03007086], [122786000.0, 0.00032565], [122808000.0, 0.00490965], [122839000.0, 0.00200644], [122928000.0, 0.0315], [122930000.0, 0.0342876]]},
{"timestamp": 1743771222967, "bids": [[122394000.0, 0.00515], [122379000.0, 0.006], [122360000.0, 0.001], [122353000.0, 0.0654], [122303000.0, 0.00864785], [122302000.0, 0.0312], [122299000.0, 0.01653534], [122215000.0, 0.00373187], [122055000.0, 0.00805195], [122003000.0, 0.03]], "asks": [[122524000.0, 0.050467], [122525000.0, 0.00535], [122541000.0, 0.02395], [122625000.0, 0.00147051], [122776000.0, 0.03816652], [122777000.0, 0.03007086], [122786000.0, 0.00032565], [122808000.0, 0.00490965], [122839000.0, 0.00200644], [122928000.0, 0.0315]]},
{"timestamp": 1743771223213, "bids": [[122394000.0, 0.00515], [122379000.0, 0.006], [122360000.0, 0.001], [122353000.0, 0.0654], [122303000.0, 0.00864785], [122302000.0, 0.0312], [122299000.0, 0.01653534], [122215000.0, 0.00373187], [122055000.0, 0.00805195], [122003000.0, 0.03]], "asks": [[122524000.0, 0.050467], [122525000.0, 0.00535], [122541000.0, 0.02395], [122625000.0, 0.00139217], [122776000.0, 0.03816652], [122777000.0, 0.03007086], [122786000.0, 0.00032565], [122808000.0, 0.00490965], [122839000.0, 0.00200644], [122928000.0, 0.0315]]},
{"timestamp": 1743771223213, "bids": [[122394000.0, 0.00515], [122379000.0, 0.006], [122360000.0, 0.001], [122353000.0, 0.0654], [122303000.0, 0.00864785], [122302000.0, 0.0312], [122299000.0, 0.01653534], [122215000.0, 0.00373187], [122055000.0, 0.00805195], [122003000.0, 0.03]], "asks": [[122524000.0, 0.050467], [122525000.0, 0.00535], [122541000.0, 0.02395], [122776000.0, 0.03816652], [122777000.0, 0.03007086], [122786000.0, 0.00032565], [122808000.0, 0.00490965], [122839000.0, 0.00200644], [122928000.0, 0.0315], [122930000.0, 0.0342876]]},
{"timestamp": 1743771223213, "bids": [[122520000.0, 0.00140302], [122394000.0, 0.00515], [122379000.0, 0.006], [122360000.0, 0.001], [122353000.0, 0.0654], [122303000.0, 0.00864785], [122302000.0, 0.0312], [122299000.0, 0.01653534], [122215000.0, 0.00373187], [122055000.0, 0.00805195]], "asks": [[122524000.0, 0.050467], [122525000.0, 0.00535], [122541000.0, 0.02395], [122776000.0, 0.03816652], [122777000.0, 0.03007086], [122786000.0, 0.00032565], [122808000.0, 0.00490965], [122839000.0, 0.00200644], [122928000.0, 0.0315], [122930000.0, 0.0342876]]},
{"timestamp": 1743771223213, "bids": [[122520000.0, 0.00140302], [122394000.0, 0.00515], [122379000.0, 0.006], [122360000.0, 0.001], [122353000.0, 0.0654], [122303000.0, 0.00864785], [122302000.0, 0.0312], [122299000.0, 0.01653534], [122215000.0, 0.00373187], [122055000.0, 0.00805195]], "asks": [[122524000.0, 0.050467], [122525000.0, 0.00535], [122541000.0, 0.02395], [122776000.0, 0.03824482], [122777000.0, 0.03007086], [122786000.0, 0.00032565], [122808000.0, 0.00490965], [122839000.0, 0.00200644], [122928000.0, 0.0315], [122930000.0, 0.0342876]]},
{"timestamp": 1743771223213, "bids": [[122520000.0, 0.00140302], [122394000.0, 0.00515], [122379000.0, 0.006], [122360000.0, 0.001], [122353000.0, 0.0654], [122303000.0, 0.0164165], [122302000.0, 0.0312], [122299000.0, 0.01653534], [122215000.0, 0.00373187], [122055000.0, 0.00805195]], "asks": [[122524000.0, 0.050467], [122525000.0, 0.00535], [122541000.0, 0.02395], [122776000.0, 0.03824482], [122777000.0, 0.03007086], [122786000.0, 0.00032565], [122808000.0, 0.00490965], [122839000.0, 0.00200644], [122928000.0, 0.0315], [122930000.0, 0.0342876]]},
{"timestamp": 1743771223213, "bids": [[122520000.0, 0.00140302], [122394000.0, 0.00515], [122379000.0, 0.006], [122360000.0, 0.001], [122303000.0, 0.0164165], [122302000.0, 0.0312], [122299000.0, 0.01653534], [122215000.0, 0.00373187], [122055000.0, 0.00805195], [122003000.0, 0.03]], "asks": [[122524000.0, 0.050467], [122525000.0, 0.00535], [122541000.0, 0.02395], [122776000.0, 0.03824482], [122777000.0, 0.03007086], [122786000.0, 0.00032565], [122808000.0, 0.00490965], [122839000.0, 0.00200644], [122928000.0, 0.0315], [122930000.0, 0.0342876]]},
{"timestamp": 1743771223375, "bids": [[122520000.0, 0.00140302], [122394000.0, 0.00515], [122379000.0, 0.006], [122360000.0, 0.001], [122303000.0, 0.0164165], [122302000.0, 0.0312], [122215000.0, 0.00373187], [122055000.0, 0.00805195], [122003000.0, 0.03], [122002000.0, 0.0643]], "asks": [[122524000.0, 0.050467], [122525000.0, 0.00535], [122541000.0, 0.02395], [122776000.0, 0.03824482], [122777000.0, 0.03007086], [122786000.0, 0.00032565], [122808000.0, 0.00490965], [122839000.0, 0.00200644], [122928000.0, 0.0315], [122930000.0, 0.0342876]]},
{"timestamp": 1743771223375, "bids": [[122520000.0, 0.00140302], [122394000.0, 0.00515], [122379000.0, 0.006], [122360000.0, 0.001], [122303000.0, 0.0164165], [122302000.0, 0.0312], [122055000.0, 0.00805195], [122003000.0, 0.03], [122002000.0, 0.0643], [122001000.0, 0.00170898]], "asks": [[122524000.0, 0.050467], [122525000.0, 0.00535], [122541000.0, 0.02395], [122776000.0, 0.03824482], [122777000.0, 0.03007086], [122786000.0, 0.00032565], [122808000.0, 0.00490965], [122839000.0, 0.00200644], [122928000.0, 0.0315], [122930000.0, 0.0342876]]},
{"timestamp": 1743771223375, "bids": [[122520000.0, 0.00140302], [122394000.0, 0.00515], [122379000.0, 0.006], [122360000.0, 0.001], [122303000.0, 0.0164165], [122302000.0, 0.0312], [122055000.0, 0.00805195], [122003000.0, 0.03], [122002000.0, 0.0643], [122001000.0, 0.00170898]], "asks": [[122524000.0, 0.050467], [122525000.0, 0.00535], [122541000.0, 0.02395], [122776000.0, 0.03824482], [122777000.0, 0.03007086], [122786000.0, 0.00032565], [122808000.0, 0.00490965], [122839000.0, 0.00200644], [122928000.0, 0.0315], [122930000.0, 0.0342876]]},
{"timestamp": 1743771223375, "bids": [[122520000.0, 0.00140302], [122394000.0, 0.00515], [122379000.0, 0.006], [122360000.0, 0.001], [122303000.0, 0.0164165], [122302000.0, 0.0312], [122055000.0, 0.00805195], [122003000.0, 0.03], [122002000.0, 0.0643], [122001000.0, 0.00170898]], "asks": [[122524000.0, 0.050467], [122525000.0, 0.00535], [122541000.0, 0.02395], [122776000.0, 0.03824482], [122777000.0, 0.03007086], [122786000.0, 0.00032565], [122808000.0, 0.00490965], [122839000.0, 0.00200644], [122928000.0, 0.0315], [122930000.0, 0.0342876]]},
{"timestamp": 1743771223601, "bids": [[122520000.0, 0.00140302], [122394000.0, 0.00515], [122379000.0, 0.006], [122360000.0, 0.001], [122303000.0, 0.0164165], [122302000.0, 0.0312], [122055000.0, 0.00805195], [122003000.0, 0.03], [122002000.0, 0.0643], [122001000.0, 0.00170898]], "asks": [[122524000.0, 0.050467], [122525000.0, 0.00535], [122541000.0, 0.02395], [122776000.0, 0.03824482], [122777000.0, 0.03007086], [122786000.0, 0.00032565], [122808000.0, 0.00490965], [122839000.0, 0.00200644], [122928000.0, 0.0315], [122930000.0, 0.0342876]]},
{"timestamp": 1743771223601, "bids": [[122520000.0, 0.00140302], [122394000.0, 0.00515], [122379000.0, 0.006], [122360000.0, 0.001], [122303000.0, 0.0164165], [122302000.0, 0.0312], [122055000.0, 0.00805195], [122003000.0, 0.03], [122002000.0, 0.0643], [122001000.0, 0.00170898]], "asks": [[122524000.0, 0.050467], [122525000.0, 0.00535], [122541000.0, 0.02395], [122776000.0, 0.03816652], [122777000.0, 0.03007086], [122786000.0, 0.00032565], [122808000.0, 0.00490965], [122839000.0, 0.00200644], [122928000.0, 0.0315], [122930000.0, 0.0342876]]},
{"timestamp": 1743771223601, "bids": [[122520000.0, 0.00140302], [122394000.0, 0.00515], [122379000.0, 0.006], [122360000.0, 0.001], [122303000.0, 0.0164165], [122302000.0, 0.0312], [122055000.0, 0.00805195], [122003000.0, 0.03], [122002000.0, 0.0643], [122001000.0, 0.00170898]], "asks": [[122524000.0, 0.050467], [122525000.0, 0.00535], [122541000.0, 0.02395], [122776000.0, 0.03816652], [122777000.0, 0.03007086], [122786000.0, 0.00032565], [122808000.0, 0.00490965], [122839000.0, 0.00200644], [122928000.0, 0.0315], [122930000.0, 0.0342876]]},
