[
{"timestamp": 1743771208954, "bids": [[122515000.0, 0.05840212], [122501000.0, 0.05258888], [122490000.0, 0.01092422], [122477000.0, 0.2118], [122476000.0, 0.02981446], [122471000.0, 0.00904735], [122467000.0, 0.01002], [122460000.0, 0.00996], [122457000.0, 0.0008162], [122456000.0, 8.166e-05]], "asks": [[122587000.0, 0.03947371], [122588000.0, 0.00904735], [122590000.0, 0.00081817], [122597000.0, 0.00078489], [122598000.0, 0.00373521], [122599000.0, 0.03344237], [122600000.0, 0.7914057], [122601000.0, 8.173e-05], [122605000.0, 0.00012271], [122610000.0, 0.10786695]]},
{"timestamp": 1743771209454, "bids": [[122516000.0, 0.03564299], [122515000.0, 0.0583205], [122501000.0, 0.05258888], [122490000.0, 0.01092422], [122477000.0, 0.2118], [122476000.0, 0.02981446], [122471000.0, 0.00904735], [122467000.0, 0.01002], [122460000.0, 0.00996], [122457000.0, 0.0008162]], "asks": [[122587000.0, 0.03947371], [122588000.0, 0.00904735], [122590000.0, 0.00081817], [122597000.0, 0.00078489], [122598000.0, 0.00373521], [122599000.0, 0.03344237], [122600000.0, 0.7914057], [122601000.0, 8.173e-05], [122605000.0, 0.00012271], [122610000.0, 0.10786695]]},
{"timestamp": 1743771209554, "bids": [[122515000.0, 0.0583205], [122501000.0, 0.05258888], [122490000.0, 0.01092422], [122477000.0, 0.2118], [122476000.0, 0.02981446], [122474000.0, 0.01038], [122471000.0, 0.00904735], [122467000.0, 0.01002], [122460000.0, 0.00996], [122457000.0, 0.0008162]], "asks": [[122587000.0, 0.03947371], [122588000.0, 0.00904735], [122590000.0, 0.00081817], [122597000.0, 0.00078489], [122598000.0, 0.00373521], [122599000.0, 0.03344237], [122600000.0, 0.7914057], [122601000.0, 8.173e-05], [122605000.0, 0.00012271], [122610000.0, 0.10786695]]},
{"timestamp": 1743771209754, "bids": [[122515000.0, 0.0583205], [122501000.0, 0.05258888], [122490000.0, 0.01092422], [122477000.0, 0.2118], [122476000.0, 0.02981446], [122474000.0, 0.01038], [122471000.0, 0.00904735], [122467000.0, 0.01002], [122460000.0, 0.00996], [122457000.0, 0.0008162]], "asks": [[122587000.0, 0.03947371], [122588000.0, 0.00904735], [122590000.0, 0.00081817], [122597000.0, 0.00078489], [122598000.0, 0.00373521], [122599000.0, 0.03344237], [122600000.0, 0.7914057], [122601000.0, 8.173e-05], [122605000.0, 0.00012271], [122610000.0, 0.10786695]]},
{"timestamp": 1743771209854, "bids": [[122515000.0, 0.0583205], [122501000.0, 0.05258888], [122490000.0, 0.01092422], [122477000.0, 0.2118], [122476000.0, 0.02981446], [122474000.0, 0.01038], [122471000.0, 0.00904735], [122467000.0, 0.01002], [122460000.0, 0.00996], [122457000.0, 0.0008162]], "asks": [[122587000.0, 0.03947371], [122588000.0, 0.00904735], [122590000.0, 0.00081817], [122597000.0, 0.00078489], [122598000.0, 0.00373521], [122599000.0, 0.03344237], [122600000.0, 0.7914057], [122601000.0, 8.173e-05], [122605000.0, 0.00012271], [122610000.0, 0.10786695]]},
{"timestamp": 1743771209954, "bids": [[122515000.0, 0.0583205], [122501000.0, 0.05258888], [122490000.0, 0.01092422], [122477000.0, 0.2118], [122476000.0, 0.02981446], [122474000.0, 0.01038], [122471000.0, 0.00904735], [122467000.0, 0.01002], [122457000.0, 0.0008162], [122456000.0, 8.166e-05]], "asks": [[122587000.0, 0.03947371], [122588000.0, 0.00904735], [122590000.0, 0.00081817], [122597000.0, 0.00078489], [122598000.0, 0.00373521], [122599000.0, 0.03344237], [122600000.0, 0.7914057], [122601000.0, 8.173e-05], [122605000.0, 0.00012271], [122610000.0, 0.10786695]]},
{"timestamp": 1743771210054, "bids": [[122515000.0, 0.0583205], [122501000.0, 0.05258888], [122490000.0, 0.01092422], [122477000.0, 0.2118], [122476000.0, 0.02981446], [122474000.0, 0.01038], [122471000.0, 0.00904735], [122467000.0, 0.01002], [122457000.0, 0.0008162], [122456000.0, 8.166e-05]], "asks": [[122587000.0, 0.03947371], [122588000.0, 0.00904735], [122590000.0, 0.00081817], [122597000.0, 0.00078489], [122598000.0, 0.00373521], [122599000.0, 0.03344237], [122600000.0, 0.7914057], [122601000.0, 8.173e-05], [122605000.0, 0.00012271], [122610000.0, 0.10786695]]},
{"timestamp": 1743771210154, "bids": [[122515000.0, 0.0583205], [122501000.0, 0.05258888], [122490000.0, 0.01092422], [122477000.0, 0.2118], [122476000.0, 0.02981446], [122474000.0, 0.01038], [122467000.0, 0.01002], [122457000.0, 0.0008162], [122456000.0, 8.166e-05], [122445000.0, 0.02055069]], "asks": [[122587000.0, 0.03947371], [122588000.0, 0.00904735], [122590000.0, 0.00081817], [122597000.0, 0.00078489], [122598000.0, 0.00373521], [122599000.0, 0.03344237], [122600000.0, 0.7914057], [122601000.0, 8.173e-05], [122605000.0, 0.00012271], [122610000.0, 0.10786695]]},
{"timestamp": 1743771210354, "bids": [[122515000.0, 0.0583205], [122501000.0, 0.05258888], [122490000.0, 0.01092422], [122477000.0, 0.2118], [122476000.0, 0.02981446], [122474000.0, 0.01038], [122467000.0, 0.01002], [122458000.0, 0.0362312], [122457000.0, 0.0008162], [122456000.0, 8.166e-05]], "asks": [[122587000.0, 0.03947371], [122588000.0, 0.00904735], [122590000.0, 0.00081817], [122597000.0, 0.00078489], [122598000.0, 0.00373521], [122599000.0, 0.03344237], [122600000.0, 0.7914057], [122601000.0, 8.173e-05], [122605000.0, 0.00012271], [122610000.0, 0.10786695]]},
{"timestamp": 1743771210754, "bids": [[122515000.0, 0.05668804], [122501000.0, 0.05258888], [122490000.0, 0.01092422], [122477000.0, 0.2118], [122476000.0, 0.02981446], [122474000.0, 0.01038], [122467000.0, 0.01002], [122458000.0, 0.0362312], [122457000.0, 0.0008162], [122456000.0, 8.166e-05]], "asks": [[122587000.0, 0.03947371], [122588000.0, 0.00904735], [122590000.0, 0.00081817], [122597000.0, 0.00078489], [122598000.0, 0.00373521], [122599000.0, 0.03344237], [122600000.0, 0.7914057], [122601000.0, 8.173e-05], [122605000.0, 0.00012271], [122610000.0, 0.10786695]]},
{"timestamp": 1743771210854, "bids": [[122515000.0, 0.05668804], [122501000.0, 0.05258888], [122490000.0, 0.01092422], [122489000.0, 0.05258888], [122477000.0, 0.2118], [122476000.0, 0.02981446], [122467000.0, 0.01002], [122458000.0, 0.0362312], [122457000.0, 0.0008162], [122456000.0, 8.166e-05]], "asks": [[122587000.0, 0.03947371], [122588000.0, 0.00904735], [122590000.0, 0.00081817], [122597000.0, 0.00078489], [122598000.0, 0.00373521], [122599000.0, 0.03344237], [122600000.0, 0.7914057], [122601000.0, 8.173e-05], [122605000.0, 0.00012271], [122610000.0, 0.10786695]]},
{"timestamp": 1743771211254, "bids": [[122515000.0, 0.05668804], [122501000.0, 0.05258888], [122490000.0, 0.01092422], [122489000.0, 0.05258888], [122477000.0, 0.2118], [122476000.0, 0.02981446], [122467000.0, 0.01002], [122457000.0, 0.0008162], [122456000.0, 8.166e-05], [122445000.0, 0.02055069]], "asks": [[122587000.0, 0.03947371], [122588000.0, 0.00904735], [122590000.0, 0.00081817], [122597000.0, 0.00078489], [122598000.0, 0.00373521], [122599000.0, 0.03344237], [122600000.0, 0.7914057], [122601000.0, 8.173e-05], [122605000.0, 0.00012271], [122610000.0, 0.10786695]]},
{"timestamp": 1743771211354, "bids": [[122515000.0, 0.05668804], [122501000.0, 0.05258888], [122490000.0, 0.22212422], [122489000.0, 0.05258888], [122476000.0, 0.02981446], [122467000.0, 0.01002], [122457000.0, 0.0008162], [122456000.0, 8.166e-05], [122445000.0, 0.02055069], [122444000.0, 0.35492602]], "asks": [[122587000.0, 0.03947371], [122588000.0, 0.00904735], [122590000.0, 0.00081817], [122597000.0, 0.00078489], [122598000.0, 0.00373521], [122599000.0, 0.03344237], [122600000.0, 0.7914057], [122601000.0, 8.173e-05], [122605000.0, 0.00012271], [122610000.0, 0.10786695]]},
{"timestamp": 1743771211454, "bids": [[122515000.0, 0.05668804], [122501000.0, 0.05258888], [122490000.0, 0.01092422], [122477000.0, 0.2112], [122476000.0, 0.02981446], [122467000.0, 0.01002], [122457000.0, 0.0370474], [122456000.0, 8.166e-05], [122445000.0, 0.02055069], [122444000.0, 0.35492602]], "asks": [[122587000.0, 0.03947371], [122588000.0, 0.00904735], [122590000.0, 0.00081817], [122597000.0, 0.00078489], [122598000.0, 0.00373521], [122599000.0, 0.03344237], [122600000.0, 0.7914057], [122601000.0, 8.173e-05], [122605000.0, 0.00012271], [122610000.0, 0.10786695]]},
{"timestamp": 1743771211654, "bids": [[122515000.0, 0.05832049], [122501000.0, 0.05258888], [122490000.0, 0.01092422], [122477000.0, 0.2112], [122476000.0, 0.02981446], [122467000.0, 0.01002], [122457000.0, 0.0370474], [122456000.0, 8.166e-05], [122445000.0, 0.02055069], [122444000.0, 0.35492602]], "asks": [[122587000.0, 0.03947371], [122588000.0, 0.00904735], [122590000.0, 0.00081817], [122597000.0, 0.00078489], [122598000.0, 0.00373521], [122599000.0, 0.03344237], [122600000.0, 0.7914057], [122601000.0, 8.173e-05], [122605000.0, 0.00012271], [122610000.0, 0.10786695]]},
{"timestamp": 1743771211754, "bids": [[122515000.0, 0.05832049], [122501000.0, 0.05258888], [122490000.0, 0.01092422], [122477000.0, 0.2112], [122476000.0, 0.02981446], [122467000.0, 0.01002], [122457000.0, 0.0370474], [122456000.0, 8.166e-05], [122445000.0, 0.02055069], [122444000.0, 0.35492602]], "asks": [[122587000.0, 0.03947371], [122588000.0, 0.00904735], [122590000.0, 0.00081817], [122597000.0, 0.00078489], [122598000.0, 0.00373521], [122599000.0, 0.03344237], [122600000.0, 0.7914057], [122601000.0, 8.173e-05], [122605000.0, 0.00012271], [122610000.0, 0.10786695]]},
{"timestamp": 1743771212654, "bids": [[122515000.0, 0.05832049], [122501000.0, 0.05258888], [122490000.0, 0.01092422], [122477000.0, 0.2112], [122476000.0, 0.02981446], [122467000.0, 0.01002], [122457000.0, 0.0370474], [122456000.0, 8.166e-05], [122445000.0, 0.02055069], [122444000.0, 0.35492602]], "asks": [[122587000.0, 0.03947371], [122588000.0, 0.00904735], [122590000.0, 0.00081817], [122597000.0, 0.00078489], [122598000.0, 0.00373521], [122599000.0, 0.03344237], [122600000.0, 0.7914057], [122601000.0, 8.173e-05], [122605000.0, 0.00012271], [122610000.0, 0.10786695]]},
{"timestamp": 1743771213954, "bids": [[122515000.0, 0.05832049], [122501000.0, 0.05258888], [122490000.0, 0.01092422], [122477000.0, 0.2112], [122476000.0, 0.02981446], [122467000.0, 0.01002], [122457000.0, 0.0370474], [122456000.0, 8.166e-05], [122445000.0, 0.02055069], [122444000.0, 0.35492602]], "asks": [[122587000.0, 0.03947371], [122588000.0, 0.00904735], [122590000.0, 0.00081817], [122597000.0, 0.00078489], [122598000.0, 0.00373521], [122599000.0, 0.03344237], [122600000.0, 0.7914057], [122601000.0, 8.173e-05], [122605000.0, 0.00012271], [122610000.0, 0.10786695]]},
{"timestamp": 1743771214054, "bids": [[122515000.0, 0.05832049], [122501000.0, 0.05258888], [122490000.0, 0.01092422], [122477000.0, 0.2112], [122476000.0, 0.02981446], [122467000.0, 0.01002], [122457000.0, 0.0370474], [122456000.0, 8.166e-05], [122445000.0, 0.02055069], [122444000.0, 0.35492602]], "asks": [[122587000.0, 0.03947371], [122588000.0, 0.00904735], [122590000.0, 0.00081817], [122597000.0, 0.00078489], [122598000.0, 0.00373521], [122599000.0, 0.03344237], [122600000.0, 0.7914057], [122601000.0, 8.173e-05], [122605000.0, 0.00012271], [122610000.0, 0.10786695]]},
{"timestamp": 1743771214254, "bids": [[122515000.0, 0.05832049], [122501000.0, 0.05258888], [122490000.0, 0.01092422], [122477000.0, 0.2112], [122476000.0, 0.02981446], [122467000.0, 0.01002], [122457000.0, 0.0370474], [122456000.0, 8.166e-05], [122445000.0, 0.02055069], [122444000.0, 0.35492602]], "asks": [[122587000.0, 0.03947371], [122588000.0, 0.00904735], [122590000.0, 0.00081817], [122597000.0, 0.00078489], [122598000.0, 0.00373521], [122599000.0, 0.03344237], [122600000.0, 0.7914057], [122601000.0, 8.173e-05], [122605000.0, 0.00012271], [122610000.0, 0.10786695]]},
{"timestamp": 1743771214354, "bids": [[122515000.0, 0.05832049], [122502000.0, 0.2112], [122501000.0, 0.05258888], [122490000.0, 0.01092422], [122476000.0, 0.02981446], [122467000.0, 0.01002], [122457000.0, 0.0370474], [122456000.0, 8.166e-05], [122445000.0, 0.02055069], [122444000.0, 0.35492602]], "asks": [[122587000.0, 0.03947371], [122588000.0, 0.00904735], [122590000.0, 0.00081817], [122597000.0, 0.00078489], [122598000.0, 0.00373521], [122599000.0, 0.03344237], [122600000.0, 0.7914057], [122601000.0, 8.173e-05], [122605000.0, 0.00012271], [122610000.0, 0.10786695]]},
{"timestamp": 1743771214454, "bids": [[122515000.0, 0.05832049], [122514000.0, 0.05258888], [122502000.0, 0.2112], [122490000.0, 0.01092422], [122478000.0, 0.01098], [122476000.0, 0.02981446], [122467000.0, 0.01002], [122457000.0, 0.0370474], [122456000.0, 8.166e-05], [122445000.0, 0.02055069]], "asks": [[122587000.0, 0.03947371], [122588000.0, 0.00904735], [122590000.0, 0.00081817], [122597000.0, 0.00078489], [122598000.0, 0.00373521], [122599000.0, 0.03344237], [122600000.0, 0.7914057], [122601000.0, 8.173e-05], [122605000.0, 0.00012271], [122610000.0, 0.10786695]]},
{"timestamp": 1743771214554, "bids": [[122515000.0, 0.05832049], [122514000.0, 0.05258888], [122490000.0, 0.01092422], [122479000.0, 0.2112], [122478000.0, 0.01098], [122476000.0, 0.02981446], [122467000.0, 0.01002], [122457000.0, 0.0370474], [122456000.0, 8.166e-05], [122445000.0, 0.02055069]], "asks": [[122587000.0, 0.03947371], [122588000.0, 0.00904735], [122590000.0, 0.00081817], [122597000.0, 0.00078489], [122598000.0, 0.00373521], [122599000.0, 0.03344237], [122600000.0, 0.7914057], [122601000.0, 8.173e-05], [122605000.0, 0.00012271], [122610000.0, 0.10786695]]},
{"timestamp": 1743771214654, "bids": [[122516000.0, 0.2112], [122515000.0, 0.05832049], [122514000.0, 0.05258888], [122501000.0, 0.05258888], [122490000.0, 0.01092422], [122488000.0, 0.35492602], [122478000.0, 0.01098], [122467000.0, 0.01002], [122457000.0, 0.0370474], [122456000.0, 8.166e-05]], "asks": [[122587000.0, 0.03947371], [122588000.0, 0.00904735], [122590000.0, 0.00081817], [122597000.0, 0.00078489], [122598000.0, 0.00373521], [122599000.0, 0.03344237], [122600000.0, 0.7914057], [122601000.0, 8.173e-05], [122605000.0, 0.00012271], [122610000.0, 0.10786695]]},
{"timestamp": 1743771214754, "bids": [[122516000.0, 0.2112], [122515000.0, 0.05832049], [122488000.0, 0.35492602], [122478000.0, 0.01098], [122467000.0, 0.01002], [122457000.0, 0.0370474], [122456000.0, 8.166e-05], [122445000.0, 0.02055069], [122444000.0, 0.35492602], [122442000.0, 0.001]], "asks": [[122587000.0, 0.03947371], [122588000.0, 0.00904735], [122590000.0, 0.00081817], [122597000.0, 0.00078489], [122598000.0, 0.00373521], [122599000.0, 0.03344237], [122600000.0, 0.7914057], [122601000.0, 8.173e-05], [122605000.0, 0.00012271], [122610000.0, 0.10786695]]},
{"timestamp": 1743771214854, "bids": [[122516000.0, 0.2112], [122515000.0, 0.05832049], [122488000.0, 0.35492602], [122478000.0, 0.01098], [122467000.0, 0.01002], [122457000.0, 0.0370474], [122456000.0, 8.166e-05], [122445000.0, 0.02055069], [122444000.0, 0.35492602], [122442000.0, 0.001]], "asks": [[122587000.0, 0.03947371], [122588000.0, 0.00904735], [122590000.0, 0.00081817], [122597000.0, 0.00078489], [122598000.0, 0.00373521], [122599000.0, 0.03344237], [122600000.0, 0.7914057], [122601000.0, 8.173e-05], [122605000.0, 0.00012271], [122610000.0, 0.10786695]]},
{"timestamp": 1743771214954, "bids": [[122516000.0, 0.2112], [122515000.0, 0.05832049], [122488000.0, 0.35492602], [122478000.0, 0.01098], [122467000.0, 0.01002], [122457000.0, 0.0370474], [122456000.0, 8.166e-05], [122445000.0, 0.02055069], [122444000.0, 0.35492602], [122442000.0, 0.001]], "asks": [[122587000.0, 0.03947371], [122588000.0, 0.00904735], [122590000.0, 0.00081817], [122597000.0, 0.00078489], [122598000.0, 0.00373521], [122599000.0, 0.03344237], [122600000.0, 0.7914057], [122601000.0, 8.173e-05], [122605000.0, 0.00012271], [122610000.0, 0.10786695]]},
{"timestamp": 1743771215054, "bids": [[122515000.0, 0.05832049], [122489000.0, 0.2112], [122488000.0, 0.35492602], [122478000.0, 0.01098], [122467000.0, 0.01002], [122457000.0, 0.0370474], [122456000.0, 8.166e-05], [122445000.0, 0.02055069], [122442000.0, 0.001], [122436000.0, 0.00017616]], "asks": [[122587000.0, 0.03947371], [122588000.0, 0.00904735], [122590000.0, 0.00081817], [122597000.0, 0.00078489], [122598000.0, 0.00373521], [122599000.0, 0.03344237], [122600000.0, 0.7914057], [122601000.0, 8.173e-05], [122605000.0, 0.00012271], [122610000.0, 0.10786695]]},
{"timestamp": 1743771215154, "bids": [[122515000.0, 0.05832049], [122501000.0, 0.05258888], [122489000.0, 0.2112], [122488000.0, 0.35492602], [122478000.0, 0.01098], [122467000.0, 0.01002], [122457000.0, 0.0370474], [122456000.0, 8.166e-05], [122445000.0, 0.02055069], [122442000.0, 0.001]], "asks": [[122587000.0, 0.03947371], [122588000.0, 0.00904735], [122590000.0, 0.00081817], [122597000.0, 0.00078489], [122598000.0, 0.00373521], [122599000.0, 0.03344237], [122600000.0, 0.7914057], [122601000.0, 8.173e-05], [122605000.0, 0.00012271], [122610000.0, 0.10786695]]},
{"timestamp": 1743771215254, "bids": [[122515000.0, 0.05832049], [122502000.0, 0.2112], [122501000.0, 0.05258888], [122488000.0, 0.35492602], [122478000.0, 0.01098], [122467000.0, 0.01002], [122457000.0, 0.0370474], [122456000.0, 8.166e-05], [122445000.0, 0.02055069], [122442000.0, 0.001]], "asks": [[122587000.0, 0.03947371], [122588000.0, 0.00904735], [122590000.0, 0.00081817], [122597000.0, 0.00078489], [122598000.0, 0.00373521], [122599000.0, 0.03344237], [122600000.0, 0.7914057], [122601000.0, 8.173e-05], [122605000.0, 0.00012271], [122610000.0, 0.10786695]]},
{"timestamp": 1743771215354, "bids": [[122516000.0, 0.2112], [122515000.0, 0.05832049], [122514000.0, 0.05258888], [122501000.0, 0.00583518], [122488000.0, 0.35492602], [122478000.0, 0.01098], [122467000.0, 0.01002], [122457000.0, 0.0370474], [122456000.0, 8.166e-05], [122445000.0, 0.02055069]], "asks": [[122587000.0, 0.03947371], [122588000.0, 0.00904735], [122590000.0, 0.00081817], [122597000.0, 0.00078489], [122598000.0, 0.00373521], [122599000.0, 0.03344237], [122600000.0, 0.7914057], [122601000.0, 8.173e-05], [122605000.0, 0.00012271], [122610000.0, 0.10786695]]},
{"timestamp": 1743771215454, "bids": [[122516000.0, 0.2112], [122515000.0, 0.05832049], [122501000.0, 0.00583518], [122491000.0, 0.01056], [122488000.0, 0.35492602], [122478000.0, 0.01098], [122470000.0, 0.35492602], [122467000.0, 0.01002], [122457000.0, 0.0370474], [122456000.0, 8.166e-05]], "asks": [[122587000.0, 0.03947371], [122588000.0, 0.00904735], [122590000.0, 0.00081817], [122597000.0, 0.00078489], [122598000.0, 0.00373521], [122599000.0, 0.03344237], [122600000.0, 0.7914057], [122601000.0, 8.173e-05], [122605000.0, 0.00012271], [122610000.0, 0.10786695]]},
{"timestamp": 1743771215554, "bids": [[122516000.0, 0.2112], [122515000.0, 0.05832049], [122501000.0, 0.00583518], [122491000.0, 0.01056], [122488000.0, 0.35492602], [122478000.0, 0.01098], [122470000.0, 0.35492602], [122467000.0, 0.01002], [122457000.0, 0.0370474], [122456000.0, 8.166e-05]], "asks": [[122587000.0, 0.03947371], [122588000.0, 0.00904735], [122590000.0, 0.00081817], [122597000.0, 0.00078489], [122598000.0, 0.00373521], [122599000.0, 0.03344237], [122600000.0, 0.7914057], [122601000.0, 8.173e-05], [122605000.0, 0.00012271], [122610000.0, 0.10786695]]},
{"timestamp": 1743771215654, "bids": [[122516000.0, 0.2112], [122515000.0, 0.05832049], [122501000.0, 0.00583518], [122491000.0, 0.01056], [122488000.0, 0.35492602], [122478000.0, 0.01098], [122470000.0, 0.35492602], [122467000.0, 0.01002], [122457000.0, 0.0370474], [122456000.0, 8.166e-05]], "asks": [[122587000.0, 0.03947371], [122588000.0, 0.00904735], [122590000.0, 0.00081817], [122597000.0, 0.00078489], [122598000.0, 0.00373521], [122599000.0, 0.03344237], [122600000.0, 0.7914057], [122601000.0, 8.173e-05], [122605000.0, 0.00012271], [122610000.0, 0.10786695]]},
{"timestamp": 1743771215754, "bids": [[122516000.0, 0.2112], [122515000.0, 0.05832049], [122501000.0, 0.00583518], [122491000.0, 0.01056], [122488000.0, 0.35492602], [122478000.0, 0.01098], [122470000.0, 0.35492602], [122467000.0, 0.01002], [122457000.0, 0.0370474], [122456000.0, 8.166e-05]], "asks": [[122587000.0, 0.03947371], [122588000.0, 0.00904735], [122590000.0, 0.00081817], [122597000.0, 0.00078489], [122598000.0, 0.00373521], [122599000.0, 0.03344237], [122600000.0, 0.7914057], [122601000.0, 8.173e-05], [122605000.0, 0.00012271], [122610000.0, 0.10786695]]},
{"timestamp": 1743771215854, "bids": [[122517000.0, 0.03564299], [122516000.0, 0.2112], [122515000.0, 0.05832049], [122501000.0, 0.00583518], [122491000.0, 0.01056], [122488000.0, 0.35492602], [122478000.0, 0.01098], [122470000.0, 0.35492602], [122467000.0, 0.01002], [122457000.0, 0.0370474]], "asks": [[122587000.0, 0.03947371], [122588000.0, 0.00904735], [122590000.0, 0.00081817], [122597000.0, 0.00078489], [122598000.0, 0.00373521], [122599000.0, 0.03344237], [122600000.0, 0.7914057], [122601000.0, 8.173e-05], [122605000.0, 0.00012271], [122610000.0, 0.10786695]]},
{"timestamp": 1743771215954, "bids": [[122518000.0, 0.2112], [122517000.0, 0.03564299], [122515000.0, 0.05832049], [122501000.0, 0.00583518], [122491000.0, 0.01056], [122488000.0, 0.35492602], [122478000.0, 0.01098], [122470000.0, 0.35492602], [122457000.0, 0.0370474], [122456000.0, 8.166e-05]], "asks": [[122587000.0, 0.03947371], [122588000.0, 0.00904735], [122590000.0, 0.00081817], [122597000.0, 0.00078489], [122598000.0, 0.00373521], [122599000.0, 0.03344237], [122600000.0, 0.7914057], [122601000.0, 8.173e-05], [122605000.0, 0.00012271], [122610000.0, 0.10786695]]},
{"timestamp": 1743771216054, "bids": [[122518000.0, 0.2112], [122515000.0, 0.05832049], [122501000.0, 0.00583518], [122491000.0, 0.01056], [122488000.0, 0.35492602], [122478000.0, 0.01098], [122470000.0, 0.35492602], [122457000.0, 0.0370474], [122456000.0, 8.166e-05], [122445000.0, 0.02055069]], "asks": [[122587000.0, 0.03947371], [122588000.0, 0.00904735], [122590000.0, 0.00081817], [122597000.0, 0.00078489], [122598000.0, 0.00373521], [122599000.0, 0.03344237], [122600000.0, 0.7914057], [122601000.0, 8.173e-05], [122605000.0, 0.00012271], [122610000.0, 0.10786695]]},
{"timestamp": 1743771216154, "bids": [[122516000.0, 0.2112], [122515000.0, 0.05832049], [122501000.0, 0.00583518], [122491000.0, 0.01056], [122488000.0, 0.35492602], [122478000.0, 0.01098], [122470000.0, 0.35492602], [122457000.0, 0.0370474], [122456000.0, 8.166e-05], [122445000.0, 0.02055069]], "asks": [[122587000.0, 0.03947371], [122588000.0, 0.00904735], [122590000.0, 0.00081817], [122597000.0, 0.00078489], [122598000.0, 0.00373521], [122599000.0, 0.03344237], [122600000.0, 0.7914057], [122601000.0, 8.173e-05], [122605000.0, 0.00012271], [122610000.0, 0.10786695]]},
{"timestamp": 1743771216254, "bids": [[122516000.0, 0.2112], [122515000.0, 0.05832049], [122501000.0, 0.00583518], [122491000.0, 0.01056], [122488000.0, 0.35492602], [122478000.0, 0.01098], [122470000.0, 0.35492602], [122457000.0, 0.0370474], [122456000.0, 8.166e-05], [122445000.0, 0.02055069]], "asks": [[122587000.0, 0.03947371], [122588000.0, 0.00904735], [122590000.0, 0.00081817], [122597000.0, 0.00078489], [122598000.0, 0.00373521], [122599000.0, 0.03344237], [122600000.0, 0.7914057], [122601000.0, 8.173e-05], [122605000.0, 0.00012271], [122610000.0, 0.10786695]]},
{"timestamp": 1743771216354, "bids": [[122516000.0, 0.2112], [122515000.0, 0.05832049], [122501000.0, 0.00583518], [122491000.0, 0.01056], [122488000.0, 0.35492602], [122478000.0, 0.01098], [122470000.0, 0.35492602], [122457000.0, 0.0370474], [122456000.0, 8.166e-05], [122445000.0, 0.02055069]], "asks": [[122587000.0, 0.03947371], [122588000.0, 0.00904735], [122590000.0, 0.00081817], [122597000.0, 0.00078489], [122598000.0, 0.00373521], [122599000.0, 0.03344237], [122600000.0, 0.7914057], [122601000.0, 8.173e-05], [122605000.0, 0.00012271], [122610000.0, 0.10786695]]},
{"timestamp": 1743771216454, "bids": [[122516000.0, 0.2112], [122515000.0, 0.05832049], [122501000.0, 0.00583518], [122491000.0, 0.01056], [122488000.0, 0.35492602], [122478000.0, 0.01098], [122470000.0, 0.35492602], [122457000.0, 0.0008162], [122456000.0, 8.166e-05], [122445000.0, 0.02055069]], "asks": [[122587000.0, 0.03947371], [122588000.0, 0.00904735], [122590000.0, 0.00081817], [122597000.0, 0.00078489], [122598000.0, 0.00373521], [122599000.0, 0.03344237], [122600000.0, 0.7914057], [122601000.0, 8.173e-05], [122605000.0, 0.00012271], [122610000.0, 0.10786695]]},
{"timestamp": 1743771216554, "bids": [[122516000.0, 0.2112], [122515000.0, 0.05832049], [122501000.0, 0.00583518], [122491000.0, 0.01056], [122488000.0, 0.35492602], [122478000.0, 0.01098], [122470000.0, 0.35492602], [122457000.0, 0.0008162], [122456000.0, 8.166e-05], [122445000.0, 0.02055069]], "asks": [[122587000.0, 0.03947371], [122588000.0, 0.00904735], [122590000.0, 0.00081817], [122597000.0, 0.00078489], [122598000.0, 0.00373521], [122599000.0, 0.03344237], [122600000.0, 0.7914057], [122601000.0, 8.173e-05], [122605000.0, 0.00012271], [122610000.0, 0.10786695]]},
{"timestamp": 1743771216654, "bids": [[122516000.0, 0.2112], [122515000.0, 0.05832049], [122504000.0, 0.03622066], [122501000.0, 0.00583518], [122491000.0, 0.01056], [122488000.0, 0.35492602], [122478000.0, 0.01098], [122470000.0, 0.35492602], [122457000.0, 0.0008162], [122456000.0, 8.166e-05]], "asks": [[122587000.0, 0.03947371], [122588000.0, 0.00904735], [122590000.0, 0.00081817], [122597000.0, 0.00078489], [122598000.0, 0.00373521], [122599000.0, 0.03344237], [122600000.0, 0.7914057], [122601000.0, 8.173e-05], [122605000.0, 0.00012271], [122610000.0, 0.10786695]]},
{"timestamp": 1743771216754, "bids": [[122516000.0, 0.2112], [122515000.0, 0.05832049], [122504000.0, 0.03622066], [122501000.0, 0.00583518], [122488000.0, 0.35492602], [122478000.0, 0.01098], [122470000.0, 0.35492602], [122457000.0, 0.0008162], [122456000.0, 8.166e-05], [122445000.0, 0.02055069]], "asks": [[122587000.0, 0.03947371], [122588000.0, 0.00904735], [122590000.0, 0.00081817], [122597000.0, 0.00078489], [122598000.0, 0.00373521], [122599000.0, 0.03344237], [122600000.0, 0.7914057], [122601000.0, 8.173e-05], [122605000.0, 0.00012271], [122610000.0, 0.10786695]]},
{"timestamp": 1743771216854, "bids": [[122515000.0, 0.05832049], [122505000.0, 0.2112], [122504000.0, 0.03622066], [122501000.0, 0.00583518], [122488000.0, 0.35492602], [122478000.0, 0.01098], [122470000.0, 0.35492602], [122457000.0, 0.0008162], [122456000.0, 8.166e-05], [122445000.0, 0.02055069]], "asks": [[122587000.0, 0.03947371], [122588000.0, 0.00904735], [122590000.0, 0.00081817], [122597000.0, 0.00078489], [122598000.0, 0.00373521], [122599000.0, 0.03344237], [122600000.0, 0.7914057], [122601000.0, 8.173e-05], [122605000.0, 0.00012271], [122610000.0, 0.10786695]]},
{"timestamp": 1743771216954, "bids": [[122516000.0, 0.2112], [122515000.0, 0.05832049], [122514000.0, 0.05258888], [122504000.0, 0.03622066], [122501000.0, 0.00583518], [122488000.0, 0.35492602], [122471000.0, 0.01074], [122470000.0, 0.35492602], [122457000.0, 0.0008162], [122456000.0, 8.166e-05]], "asks": [[122587000.0, 0.03947371], [122588000.0, 0.00904735], [122590000.0, 0.00081817], [122597000.0, 0.00078489], [122598000.0, 0.00373521], [122599000.0, 0.03344237], [122600000.0, 0.7914057], [122601000.0, 8.173e-05], [122605000.0, 0.00012271], [122610000.0, 0.10786695]]},
{"timestamp": 1743771217054, "bids": [[122515000.0, 0.05832049], [122504000.0, 0.03622066], [122501000.0, 0.00583518], [122488000.0, 0.35492602], [122471000.0, 0.01074], [122470000.0, 0.35492602], [122457000.0, 0.0008162], [122456000.0, 8.166e-05], [122445000.0, 0.01651731], [122442000.0, 0.001]], "asks": [[122587000.0, 0.03947371], [122588000.0, 0.00904735], [122590000.0, 0.00081817], [122597000.0, 0.00078489], [122598000.0, 0.00373521], [122599000.0, 0.03344237], [122600000.0, 0.7914057], [122601000.0, 8.173e-05], [122605000.0, 0.00012271], [122610000.0, 0.10786695]]},
{"timestamp": 1743771217154, "bids": [[122515000.0, 0.05832049], [122505000.0, 0.2112], [122504000.0, 0.03622066], [122501000.0, 0.00583518], [122489000.0, 0.05258888], [122488000.0, 0.35492602], [122471000.0, 0.01074], [122470000.0, 0.35492602], [122457000.0, 0.0008162], [122456000.0, 8.166e-05]], "asks": [[122587000.0, 0.03947371], [122588000.0, 0.00904735], [122590000.0, 0.00081817], [122597000.0, 0.00078489], [122598000.0, 0.00373521], [122599000.0, 0.03344237], [122600000.0, 0.7914057], [122601000.0, 8.173e-05], [122605000.0, 0.00012271], [122610000.0, 0.10786695]]},
{"timestamp": 1743771217254, "bids": [[122515000.0, 0.05832049], [122514000.0, 0.05258888], [122505000.0, 0.2112], [122504000.0, 0.03622066], [122501000.0, 0.00583518], [122488000.0, 0.35492602], [122471000.0, 0.01074], [122470000.0, 0.35492602], [122457000.0, 0.0008162], [122456000.0, 8.166e-05]], "asks": [[122587000.0, 0.03947371], [122588000.0, 0.00904735], [122590000.0, 0.00081817], [122597000.0, 0.00078489], [122598000.0, 0.00373521], [122599000.0, 0.03344237], [122600000.0, 0.7914057], [122601000.0, 8.173e-05], [122605000.0, 0.00012271], [122610000.0, 0.10786695]]},
{"timestamp": 1743771217354, "bids": [[122515000.0, 0.05832049], [122514000.0, 0.05258888], [122505000.0, 0.2112], [122504000.0, 0.03622066], [122501000.0, 0.00583518], [122488000.0, 0.35492602], [122471000.0, 0.01074], [122470000.0, 0.35492602], [122457000.0, 0.0008162], [122456000.0, 8.166e-05]], "asks": [[122587000.0, 0.03947371], [122588000.0, 0.00904735], [122590000.0, 0.00081817], [122597000.0, 0.00078489], [122598000.0, 0.00373521], [122599000.0, 0.03344237], [122600000.0, 0.7914057], [122601000.0, 8.173e-05], [122605000.0, 0.00012271], [122610000.0, 0.10786695]]},
{"timestamp": 1743771217454, "bids": [[122514000.0, 0.05258888], [122505000.0, 0.2112], [122504000.0, 0.03622066], [122501000.0, 0.00583518], [122488000.0, 0.35492602], [122471000.0, 0.01074], [122470000.0, 0.35492602], [122457000.0, 0.0008162], [122456000.0, 8.166e-05], [122445000.0, 0.01651731]], "asks": [[122515000.0, 0.18654749], [122587000.0, 0.03947371], [122588000.0, 0.00904735], [122590000.0, 0.00081817], [122597000.0, 0.00078489], [122598000.0, 0.00373521], [122599000.0, 0.03344237], [122600000.0, 0.7914057], [122601000.0, 8.173e-05], [122605000.0, 0.00012271]]},
{"timestamp": 1743771217554, "bids": [[122504000.0, 0.03622066], [122501000.0, 0.00583518], [122488000.0, 0.35492602], [122471000.0, 0.01074], [122470000.0, 0.35492602], [122457000.0, 0.0008162], [122456000.0, 8.166e-05], [122445000.0, 0.01651731], [122442000.0, 0.001], [122436000.0, 0.00017616]], "asks": [[122515000.0, 0.18654749], [122587000.0, 0.03947371], [122588000.0, 0.00904735], [122590000.0, 0.00081817], [122597000.0, 0.00078489], [122598000.0, 0.00373521], [122599000.0, 0.03344237], [122600000.0, 0.7914057], [122601000.0, 8.173e-05], [122605000.0, 0.00012271]]},
{"timestamp": 1743771217654, "bids": [[122501000.0, 0.00583518], [122488000.0, 0.35492602], [122471000.0, 0.01074], [122470000.0, 0.35492602], [122457000.0, 0.0008162], [122456000.0, 8.166e-05], [122445000.0, 0.01651731], [122442000.0, 0.001], [122436000.0, 0.00017616], [122435000.0, 0.0009451]], "asks": [[122515000.0, 0.18654749], [122587000.0, 0.03947371], [122588000.0, 0.00904735], [122590000.0, 0.00081817], [122597000.0, 0.00078489], [122598000.0, 0.00373521], [122599000.0, 0.03344237], [122600000.0, 0.7914057], [122601000.0, 8.173e-05], [122605000.0, 0.00012271]]},
{"timestamp": 1743771217754, "bids": [[122501000.0, 0.00583518], [122488000.0, 0.35492602], [122470000.0, 0.35492602], [122457000.0, 0.0008162], [122456000.0, 8.166e-05], [122445000.0, 0.01651731], [122442000.0, 0.001], [122436000.0, 0.00017616], [122435000.0, 0.0009451], [122423000.0, 0.00955345]], "asks": [[122515000.0, 0.18654749], [122587000.0, 0.03947371], [122588000.0, 0.00904735], [122590000.0, 0.00081817], [122597000.0, 0.00078489], [122598000.0, 0.00373521], [122599000.0, 0.03344237], [122600000.0, 0.7914057], [122601000.0, 8.173e-05], [122605000.0, 0.00012271]]},
{"timestamp": 1743771217854, "bids": [[122501000.0, 0.00583518], [122494000.0, 0.03622376], [122488000.0, 0.35492602], [122470000.0, 0.35492602], [122457000.0, 0.0008162], [122456000.0, 8.166e-05], [122445000.0, 0.01651731], [122442000.0, 0.001], [122436000.0, 0.00017616], [122435000.0, 0.0009451]], "asks": [[122515000.0, 0.18654749], [122587000.0, 0.03947371], [122588000.0, 0.00904735], [122590000.0, 0.00081817], [122597000.0, 0.00078489], [122598000.0, 0.00373521], [122599000.0, 0.03344237], [122600000.0, 0.7914057], [122601000.0, 8.173e-05], [122605000.0, 0.00012271]]},
{"timestamp": 1743771217954, "bids": [[122501000.0, 0.00583518], [122494000.0, 0.03622376], [122488000.0, 0.35492602], [122470000.0, 0.35492602], [122457000.0, 0.0008162], [122456000.0, 8.166e-05], [122445000.0, 0.01651731], [122442000.0, 0.001], [122436000.0, 0.01907616], [122435000.0, 0.0009451]], "asks": [[122515000.0, 0.18654749], [122587000.0, 0.03947371], [122588000.0, 0.00904735], [122590000.0, 0.00081817], [122597000.0, 0.00078489], [122598000.0, 0.00373521], [122599000.0, 0.03344237], [122600000.0, 0.7914057], [122601000.0, 8.173e-05], [122605000.0, 0.00012271]]},
{"timestamp": 1743771218054, "bids": [[122501000.0, 0.00583518], [122495000.0, 0.2109], [122494000.0, 0.03622376], [122488000.0, 0.35492602], [122470000.0, 0.35492602], [122457000.0, 0.0008162], [122456000.0, 8.166e-05], [122445000.0, 0.01651731], [122442000.0, 0.001], [122436000.0, 0.01907616]], "asks": [[122515000.0, 0.18654749], [122587000.0, 0.03947371], [122588000.0, 0.00904735], [122590000.0, 0.00081817], [122597000.0, 0.00078489], [122598000.0, 0.00373521], [122599000.0, 0.03344237], [122600000.0, 0.7914057], [122601000.0, 8.173e-05], [122605000.0, 0.00012271]]},
{"timestamp": 1743771218354, "bids": [[122501000.0, 0.00583518], [122494000.0, 0.03622376], [122488000.0, 0.35492602], [122470000.0, 0.35492602], [122457000.0, 0.0008162], [122456000.0, 8.166e-05], [122445000.0, 0.01651731], [122442000.0, 0.001], [122436000.0, 0.01907616], [122435000.0, 0.0009451]], "asks": [[122515000.0, 0.18654749], [122587000.0, 0.03947371], [122588000.0, 0.00904735], [122590000.0, 0.00081817], [122597000.0, 0.00078489], [122598000.0, 0.00373521], [122599000.0, 0.03344237], [122600000.0, 0.7914057], [122601000.0, 8.173e-05], [122605000.0, 0.00012271]]},
{"timestamp": 1743771218454, "bids": [[122501000.0, 0.00583518], [122494000.0, 0.03622376], [122489000.0, 0.2109], [122488000.0, 0.35492602], [122470000.0, 0.35492602], [122457000.0, 0.0008162], [122456000.0, 8.166e-05], [122445000.0, 0.01651731], [122442000.0, 0.001], [122436000.0, 0.01907616]], "asks": [[122515000.0, 0.18654749], [122587000.0, 0.03947371], [122588000.0, 0.00904735], [122590000.0, 0.00081817], [122597000.0, 0.00078489], [122598000.0, 0.00373521], [122599000.0, 0.03344237], [122600000.0, 0.7914057], [122601000.0, 8.173e-05], [122605000.0, 0.00012271]]},
{"timestamp": 1743771218654, "bids": [[122501000.0, 0.00583518], [122494000.0, 0.03622376], [122489000.0, 0.2109], [122488000.0, 0.35492602], [122470000.0, 0.35492602], [122457000.0, 0.0008162], [122456000.0, 8.166e-05], [122445000.0, 0.01651731], [122442000.0, 0.001], [122436000.0, 0.01907616]], "asks": [[122515000.0, 0.18654749], [122587000.0, 0.03947371], [122588000.0, 0.00904735], [122590000.0, 0.00081817], [122597000.0, 0.00078489], [122598000.0, 0.00373521], [122599000.0, 0.03344237], [122600000.0, 0.7914057], [122601000.0, 8.173e-05], [122605000.0, 0.00012271]]},
{"timestamp": 1743771218754, "bids": [[122501000.0, 0.00583518], [122494000.0, 0.08881264], [122488000.0, 0.35492602], [122470000.0, 0.35492602], [122457000.0, 0.0008162], [122456000.0, 8.166e-05], [122445000.0, 0.01651731], [122444000.0, 0.00924], [122442000.0, 0.001], [122436000.0, 0.00017616]], "asks": [[122515000.0, 0.18654749], [122587000.0, 0.03947371], [122588000.0, 0.00904735], [122590000.0, 0.00081817], [122597000.0, 0.00078489], [122598000.0, 0.00373521], [122599000.0, 0.03344237], [122600000.0, 0.7914057], [122601000.0, 8.173e-05], [122605000.0, 0.00012271]]},
{"timestamp": 1743771218854, "bids": [[122501000.0, 0.00583518], [122494000.0, 0.05258888], [122488000.0, 0.35492602], [122470000.0, 0.35492602], [122457000.0, 0.0008162], [122456000.0, 8.166e-05], [122445000.0, 0.01651731], [122444000.0, 0.00924], [122442000.0, 0.001], [122436000.0, 0.00017616]], "asks": [[122515000.0, 0.18654749], [122587000.0, 0.03947371], [122588000.0, 0.00904735], [122590000.0, 0.00081817], [122597000.0, 0.00078489], [122598000.0, 0.00373521], [122599000.0, 0.03344237], [122600000.0, 0.7914057], [122601000.0, 8.173e-05], [122605000.0, 0.00012271]]},
{"timestamp": 1743771218954, "bids": [[122501000.0, 0.00583518], [122494000.0, 0.05258888], [122492000.0, 0.03622315], [122488000.0, 0.35492602], [122470000.0, 0.35492602], [122457000.0, 0.0008162], [122456000.0, 8.166e-05], [122445000.0, 0.01651731], [122444000.0, 0.00924], [122442000.0, 0.001]], "asks": [[122515000.0, 0.18654749], [122587000.0, 0.03947371], [122588000.0, 0.00904735], [122590000.0, 0.00081817], [122597000.0, 0.00078489], [122598000.0, 0.00373521], [122599000.0, 0.03344237], [122600000.0, 0.7914057], [122601000.0, 8.173e-05], [122605000.0, 0.00012271]]},
{"timestamp": 1743771219154, "bids": [[122501000.0, 0.00583518], [122494000.0, 0.05258888], [122492000.0, 0.03622315], [122488000.0, 0.35492602], [122470000.0, 0.35492602], [122457000.0, 0.0008162], [122456000.0, 8.166e-05], [122445000.0, 0.01651731], [122444000.0, 0.00924], [122442000.0, 0.001]], "asks": [[122515000.0, 0.18654749], [122587000.0, 0.03947371], [122588000.0, 0.00904735], [122590000.0, 0.00081817], [122597000.0, 0.00078489], [122598000.0, 0.00373521], [122599000.0, 0.03344237], [122600000.0, 0.7914057], [122601000.0, 8.173e-05], [122605000.0, 0.00012271]]},
{"timestamp": 1743771219254, "bids": [[122501000.0, 0.00583518], [122494000.0, 0.05258888], [122492000.0, 0.03622315], [122488000.0, 0.35492602], [122470000.0, 0.35492602], [122457000.0, 0.0008162], [122456000.0, 8.166e-05], [122445000.0, 0.01651731], [122444000.0, 0.00924], [122442000.0, 0.001]], "asks": [[122515000.0, 0.18654749], [122587000.0, 0.03947371], [122588000.0, 0.00904735], [122590000.0, 0.00081817], [122597000.0, 0.00078489], [122598000.0, 0.24483521], [122599000.0, 0.03344237], [122600000.0, 0.7914057], [122601000.0, 8.173e-05], [122605000.0, 0.00012271]]},
{"timestamp": 1743771219354, "bids": [[122501000.0, 0.00583518], [122492000.0, 0.03622315], [122488000.0, 0.35492602], [122470000.0, 0.35492602], [122457000.0, 0.0008162], [122456000.0, 8.166e-05], [122445000.0, 0.01651731], [122444000.0, 0.00924], [122442000.0, 0.001], [122436000.0, 0.00017616]], "asks": [[122515000.0, 0.18654749], [122587000.0, 0.04047371], [122588000.0, 0.00904735], [122590000.0, 0.00081817], [122597000.0, 0.00078489], [122598000.0, 0.24483521], [122599000.0, 0.03344237], [122600000.0, 0.7914057], [122601000.0, 8.173e-05], [122605000.0, 0.00012271]]},
{"timestamp": 1743771219554, "bids": [[122501000.0, 0.00583518], [122492000.0, 0.03622315], [122488000.0, 0.35492602], [122470000.0, 0.35492602], [122457000.0, 0.0008162], [122456000.0, 8.166e-05], [122445000.0, 0.01651731], [122444000.0, 0.00924], [122442000.0, 0.001], [122436000.0, 0.00017616]], "asks": [[122515000.0, 0.18654749], [122587000.0, 0.04047371], [122588000.0, 0.00904735], [122590000.0, 0.00081817], [122597000.0, 0.00078489], [122598000.0, 0.24483521], [122599000.0, 0.03344237], [122600000.0, 0.7914057], [122601000.0, 8.173e-05], [122605000.0, 0.00012271]]},
{"timestamp": 1743771219654, "bids": [[122501000.0, 0.00583518], [122492000.0, 0.03622315], [122488000.0, 0.35492602], [122470000.0, 0.35492602], [122457000.0, 0.0008162], [122456000.0, 8.166e-05], [122445000.0, 0.01651731], [122444000.0, 0.00924], [122442000.0, 0.001], [122436000.0, 0.00017616]], "asks": [[122515000.0, 0.18654749], [122587000.0, 0.04047371], [122588000.0, 0.00904735], [122590000.0, 0.00081817], [122597000.0, 0.00078489], [122598000.0, 0.24483521], [122599000.0, 0.03344237], [122600000.0, 0.7914057], [122601000.0, 8.173e-05], [122605000.0, 0.00012271]]},
{"timestamp": 1743771219754, "bids": [[122501000.0, 0.00583518], [122492000.0, 0.03622315], [122488000.0, 0.35492602], [122470000.0, 0.35492602], [122457000.0, 0.0008162], [122456000.0, 8.166e-05], [122445000.0, 0.01651731], [122444000.0, 0.00924], [122442000.0, 0.001], [122436000.0, 0.00017616]], "asks": [[122515000.0, 0.18654749], [122587000.0, 0.04047371], [122588000.0, 0.00904735], [122590000.0, 0.00081817], [122597000.0, 0.00078489], [122598000.0, 0.24483521], [122599000.0, 0.03344237], [122600000.0, 0.7914057], [122601000.0, 8.173e-05], [122605000.0, 0.00012271]]},
{"timestamp": 1743771219854, "bids": [[122501000.0, 0.00583518], [122492000.0, 0.03622315], [122488000.0, 0.35492602], [122470000.0, 0.35492602], [122457000.0, 0.0008162], [122456000.0, 8.166e-05], [122445000.0, 0.01651731], [122442000.0, 0.001], [122436000.0, 0.00017616], [122435000.0, 0.0009451]], "asks": [[122515000.0, 0.18654749], [122587000.0, 0.04047371], [122588000.0, 0.00904735], [122590000.0, 0.00081817], [122597000.0, 0.00078489], [122598000.0, 0.24483521], [122599000.0, 0.04412237], [122600000.0, 0.7914057], [122601000.0, 8.173e-05], [122605000.0, 0.00012271]]},
{"timestamp": 1743771219954, "bids": [[122501000.0, 0.00583518], [122488000.0, 0.35492602], [122470000.0, 0.35492602], [122457000.0, 0.0008162], [122456000.0, 8.166e-05], [122445000.0, 0.01651731], [122442000.0, 0.001], [122436000.0, 0.00017616], [122435000.0, 0.0009451], [122432000.0, 0.01068]], "asks": [[122515000.0, 0.18654749], [122587000.0, 0.04047371], [122588000.0, 0.00904735], [122590000.0, 0.00081817], [122597000.0, 0.00078489], [122598000.0, 0.24483521], [122599000.0, 0.04412237], [122600000.0, 0.7914057], [122601000.0, 8.173e-05], [122605000.0, 0.00012271]]},
{"timestamp": 1743771220054, "bids": [[122501000.0, 0.00583518], [122488000.0, 0.35492602], [122470000.0, 0.35492602], [122457000.0, 0.0008162], [122456000.0, 8.166e-05], [122445000.0, 0.01651731], [122442000.0, 0.001], [122436000.0, 0.00017616], [122435000.0, 0.0009451], [122432000.0, 0.01068]], "asks": [[122515000.0, 0.18654749], [122586000.0, 0.2411], [122587000.0, 0.04047371], [122588000.0, 0.00904735], [122590000.0, 0.00081817], [122597000.0, 0.00078489], [122598000.0, 0.00373521], [122599000.0, 0.04412237], [122600000.0, 0.7914057], [122601000.0, 8.173e-05]]},
{"timestamp": 1743771220154, "bids": [[122501000.0, 0.00583518], [122488000.0, 0.35492602], [122478000.0, 0.03622827], [122470000.0, 0.35492602], [122457000.0, 0.0008162], [122456000.0, 8.166e-05], [122445000.0, 0.01651731], [122442000.0, 0.001], [122436000.0, 0.00017616], [122435000.0, 0.0009451]], "asks": [[122515000.0, 0.18654749], [122586000.0, 0.2411], [122587000.0, 0.04047371], [122588000.0, 0.00904735], [122590000.0, 0.00081817], [122597000.0, 0.00078489], [122598000.0, 0.00373521], [122599000.0, 0.04412237], [122600000.0, 0.7914057], [122601000.0, 8.173e-05]]},
{"timestamp": 1743771220354, "bids": [[122501000.0, 0.00112804], [122488000.0, 0.35492602], [122478000.0, 0.03622827], [122470000.0, 0.35492602], [122457000.0, 0.0008162], [122456000.0, 8.166e-05], [122445000.0, 0.01651731], [122442000.0, 0.001], [122436000.0, 0.00017616], [122435000.0, 0.0009451]], "asks": [[122515000.0, 0.18654749], [122586000.0, 0.2411], [122587000.0, 0.04047371], [122588000.0, 0.00904735], [122590000.0, 0.00081817], [122597000.0, 0.00078489], [122598000.0, 0.00373521], [122599000.0, 0.04412237], [122600000.0, 0.7914057], [122601000.0, 8.173e-05]]},
{"timestamp": 1743771220454, "bids": [[122501000.0, 0.00112804], [122488000.0, 0.35492602], [122478000.0, 0.03622827], [122470000.0, 0.35492602], [122457000.0, 0.0008162], [122456000.0, 8.166e-05], [122445000.0, 0.01651731], [122442000.0, 0.001], [122436000.0, 0.00017616], [122435000.0, 0.0009451]], "asks": [[122515000.0, 0.18654749], [122586000.0, 0.2411], [122587000.0, 0.04047371], [122588000.0, 0.00904735], [122590000.0, 0.00081817], [122597000.0, 0.00078489], [122598000.0, 0.00373521], [122599000.0, 0.04412237], [122600000.0, 0.7914057], [122601000.0, 8.173e-05]]},
{"timestamp": 1743771220554, "bids": [[122501000.0, 0.00112804], [122488000.0, 0.35492602], [122478000.0, 0.03622827], [122470000.0, 0.35492602], [122457000.0, 0.0008162], [122456000.0, 8.166e-05], [122445000.0, 0.01651731], [122442000.0, 0.001], [122436000.0, 0.00017616], [122435000.0, 0.0009451]], "asks": [[122515000.0, 0.18654749], [122586000.0, 0.2411], [122587000.0, 0.04047371], [122588000.0, 0.00904735], [122590000.0, 0.00081817], [122597000.0, 0.00078489], [122598000.0, 0.00373521], [122599000.0, 0.04412237], [122600000.0, 0.7914057], [122601000.0, 8.173e-05]]},
{"timestamp": 1743771220654, "bids": [[122501000.0, 0.00112804], [122488000.0, 0.35492602], [122478000.0, 0.03622827], [122470000.0, 0.35492602], [122457000.0, 0.0008162], [122456000.0, 8.166e-05], [122445000.0, 0.01651731], [122442000.0, 0.001], [122436000.0, 0.00017616], [122435000.0, 0.0009451]], "asks": [[122515000.0, 0.18654749], [122587000.0, 0.04047371], [122588000.0, 0.00904735], [122590000.0, 0.00081817], [122597000.0, 0.00078489], [122598000.0, 0.00373521], [122599000.0, 0.04412237], [122600000.0, 0.7914057], [122601000.0, 8.173e-05], [122605000.0, 0.00012271]]},
{"timestamp": 1743771220754, "bids": [[122501000.0, 0.00112804], [122494000.0, 0.05258888], [122488000.0, 0.35492602], [122478000.0, 0.03622827], [122470000.0, 0.35492602], [122457000.0, 0.0008162], [122456000.0, 8.166e-05], [122445000.0, 0.01651731], [122442000.0, 0.001], [122436000.0, 0.00017616]], "asks": [[122515000.0, 0.18654749], [122587000.0, 0.04047371], [122588000.0, 0.00904735], [122590000.0, 0.00081817], [122597000.0, 0.00078489], [122598000.0, 0.00373521], [122599000.0, 0.04412237], [122600000.0, 0.7914057], [122601000.0, 8.173e-05], [122605000.0, 0.00012271]]},
{"timestamp": 1743771220854, "bids": [[122501000.0, 0.00112804], [122494000.0, 0.05258888], [122488000.0, 0.35492602], [122478000.0, 0.03622827], [122470000.0, 0.35492602], [122457000.0, 0.0008162], [122456000.0, 8.166e-05], [122445000.0, 0.01651731], [122442000.0, 0.001], [122436000.0, 0.00017616]], "asks": [[122515000.0, 0.18654749], [122587000.0, 0.04047371], [122588000.0, 0.00904735], [122590000.0, 0.00081817], [122597000.0, 0.00078489], [122598000.0, 0.00373521], [122599000.0, 0.04412237], [122600000.0, 0.7914057], [122601000.0, 8.173e-05], [122605000.0, 0.00012271]]},
{"timestamp": 1743771220954, "bids": [[122501000.0, 0.00112804], [122494000.0, 0.05258888], [122488000.0, 0.35492602], [122478000.0, 0.03622827], [122470000.0, 0.35492602], [122457000.0, 0.0008162], [122456000.0, 8.166e-05], [122445000.0, 0.01651731], [122442000.0, 0.001], [122436000.0, 0.00017616]], "asks": [[122515000.0, 0.18654749], [122587000.0, 0.04047371], [122588000.0, 0.00904735], [122590000.0, 0.00081817], [122597000.0, 0.00078489], [122598000.0, 0.00373521], [122599000.0, 0.04412237], [122600000.0, 0.7914057], [122601000.0, 8.173e-05], [122605000.0, 0.00012271]]},
{"timestamp": 1743771221054, "bids": [[122501000.0, 0.00112804], [122494000.0, 0.05258888], [122488000.0, 0.35492602], [122478000.0, 0.03622827], [122470000.0, 0.35492602], [122457000.0, 0.0008162], [122456000.0, 8.166e-05], [122445000.0, 0.01651731], [122442000.0, 0.001], [122436000.0, 0.00017616]], "asks": [[122515000.0, 0.18654749], [122587000.0, 0.04047371], [122588000.0, 0.00904735], [122590000.0, 0.00081817], [122597000.0, 0.00078489], [122598000.0, 0.00373521], [122599000.0, 0.04412237], [122600000.0, 0.7914057], [122601000.0, 8.173e-05], [122605000.0, 0.00012271]]},
{"timestamp": 1743771221154, "bids": [[122501000.0, 0.00112804], [122494000.0, 0.05258888], [122488000.0, 0.35492602], [122470000.0, 0.35492602], [122457000.0, 0.0008162], [122456000.0, 8.166e-05], [122445000.0, 0.01651731], [122442000.0, 0.001], [122436000.0, 0.00017616], [122435000.0, 0.0009451]], "asks": [[122515000.0, 0.18251641], [122587000.0, 0.04047371], [122588000.0, 0.00904735], [122590000.0, 0.00081817], [122597000.0, 0.00078489], [122598000.0, 0.00373521], [122599000.0, 0.04412237], [122600000.0, 0.7914057], [122601000.0, 8.173e-05], [122605000.0, 0.00012271]]},
{"timestamp": 1743771221254, "bids": [[122501000.0, 0.00112804], [122494000.0, 0.05258888], [122488000.0, 0.35492602], [122472000.0, 0.0362284], [122470000.0, 0.35492602], [122457000.0, 0.0008162], [122456000.0, 8.166e-05], [122445000.0, 0.01651731], [122442000.0, 0.001], [122436000.0, 0.00017616]], "asks": [[122515000.0, 0.17321641], [122587000.0, 0.04047371], [122588000.0, 0.00904735], [122590000.0, 0.00081817], [122597000.0, 0.00078489], [122598000.0, 0.24483521], [122599000.0, 0.04412237], [122600000.0, 0.7914057], [122601000.0, 8.173e-05], [122605000.0, 0.00012271]]},
{"timestamp": 1743771221354, "bids": [[122501000.0, 0.00112804], [122495000.0, 0.05258888], [122494000.0, 0.05258888], [122488000.0, 0.35492602], [122472000.0, 0.0362284], [122470000.0, 0.35492602], [122457000.0, 0.0008162], [122456000.0, 8.166e-05], [122445000.0, 0.01651731], [122442000.0, 0.001]], "asks": [[122515000.0, 0.17321641], [122587000.0, 0.04047371], [122588000.0, 0.00904735], [122590000.0, 0.00081817], [122597000.0, 0.00078489], [122598000.0, 0.24483521], [122599000.0, 0.04412237], [122600000.0, 0.7914057], [122601000.0, 8.173e-05], [122605000.0, 0.00012271]]},
{"timestamp": 1743771221554, "bids": [[122495000.0, 0.05258888], [122494000.0, 0.05258888], [122488000.0, 0.35492602], [122472000.0, 0.0362284], [122470000.0, 0.35492602], [122457000.0, 0.0008162], [122456000.0, 8.166e-05], [122445000.0, 0.01651731], [122442000.0, 0.001], [122436000.0, 0.00017616]], "asks": [[122501000.0, 0.00279605], [122515000.0, 0.17321641], [122587000.0, 0.04047371], [122588000.0, 0.00904735], [122590000.0, 0.00081817], [122597000.0, 0.00078489], [122598000.0, 0.24483521], [122599000.0, 0.04412237], [122600000.0, 0.7914057], [122601000.0, 8.173e-05]]},
{"timestamp": 1743771221654, "bids": [[122488000.0, 0.35492602], [122472000.0, 0.0362284], [122470000.0, 0.35492602], [122457000.0, 0.0008162], [122456000.0, 8.166e-05], [122445000.0, 0.01651731], [122442000.0, 0.001], [122436000.0, 0.00017616], [122435000.0, 0.0009451], [122432000.0, 0.01068]], "asks": [[122501000.0, 0.00279605], [122515000.0, 0.17321641], [122586000.0, 0.2402], [122587000.0, 0.04047371], [122588000.0, 0.00904735], [122590000.0, 0.00081817], [122597000.0, 0.00078489], [122598000.0, 0.00373521], [122599000.0, 0.04412237], [122600000.0, 0.7914057]]},
{"timestamp": 1743771221754, "bids": [[122488000.0, 0.35492602], [122472000.0, 0.0362284], [122470000.0, 0.35492602], [122457000.0, 0.0008162], [122456000.0, 8.166e-05], [122445000.0, 0.01651731], [122442000.0, 0.001], [122436000.0, 0.00017616], [122435000.0, 0.0009451], [122432000.0, 0.01068]], "asks": [[122501000.0, 0.00279605], [122515000.0, 0.17321641], [122586000.0, 0.2402], [122587000.0, 0.04047371], [122588000.0, 0.00904735], [122590000.0, 0.00081817], [122597000.0, 0.00078489], [122598000.0, 0.00373521], [122599000.0, 0.04412237], [122600000.0, 0.7914057]]},
{"timestamp": 1743771221854, "bids": [[122488000.0, 0.35492602], [122472000.0, 0.0362284], [122470000.0, 0.35492602], [122457000.0, 0.0008162], [122456000.0, 8.166e-05], [122445000.0, 0.01651731], [122442000.0, 0.001], [122436000.0, 0.00017616], [122435000.0, 0.0009451], [122432000.0, 0.01068]], "asks": [[122501000.0, 0.00279605], [122515000.0, 0.17321641], [122586000.0, 0.2402], [122587000.0, 0.04047371], [122588000.0, 0.00904735], [122590000.0, 0.00081817], [122597000.0, 0.00078489], [122598000.0, 0.00373521], [122599000.0, 0.04412237], [122600000.0, 0.7914057]]},
{"timestamp": 1743771222154, "bids": [[122488000.0, 0.35492602], [122472000.0, 0.0362284], [122470000.0, 0.35492602], [122457000.0, 0.0008162], [122456000.0, 8.166e-05], [122445000.0, 0.01651731], [122442000.0, 0.001], [122436000.0, 0.00017616], [122435000.0, 0.0009451], [122433000.0, 0.3907203]], "asks": [[122515000.0, 0.11561158], [122587000.0, 0.04047371], [122588000.0, 0.00904735], [122590000.0, 0.00081817], [122597000.0, 0.00078489], [122598000.0, 0.24393521], [122599000.0, 0.04412237], [122600000.0, 0.7914057], [122601000.0, 8.173e-05], [122605000.0, 0.00012271]]},
{"timestamp": 1743771222254, "bids": [[122488000.0, 0.35492602], [122472000.0, 0.0362284], [122470000.0, 0.35492602], [122457000.0, 0.0008162], [122456000.0, 8.166e-05], [122445000.0, 0.01651731], [122443000.0, 0.01008], [122442000.0, 0.001], [122436000.0, 0.00017616], [122435000.0, 0.0009451]], "asks": [[122515000.0, 0.05760483], [122587000.0, 0.04047371], [122588000.0, 0.00904735], [122590000.0, 0.00081817], [122597000.0, 0.00078489], [122598000.0, 0.00373521], [122599000.0, 0.03344237], [122600000.0, 0.7914057], [122601000.0, 8.173e-05], [122605000.0, 0.00012271]]},
{"timestamp": 1743771222354, "bids": [[122488000.0, 0.35492602], [122472000.0, 0.0362284], [122470000.0, 0.35492602], [122457000.0, 0.0008162], [122456000.0, 8.166e-05], [122455000.0, 0.01092], [122445000.0, 0.01651731], [122443000.0, 0.01008], [122442000.0, 0.001], [122436000.0, 0.00017616]], "asks": [[122587000.0, 0.04047371], [122588000.0, 0.00904735], [122590000.0, 0.00081817], [122597000.0, 0.00078489], [122598000.0, 0.00373521], [122599000.0, 0.03344237], [122600000.0, 0.7914057], [122601000.0, 8.173e-05], [122605000.0, 0.00012271], [122610000.0, 0.10786695]]},
{"timestamp": 1743771222454, "bids": [[122488000.0, 0.35492602], [122472000.0, 0.0362284], [122470000.0, 0.35492602], [122457000.0, 0.0008162], [122456000.0, 8.166e-05], [122455000.0, 0.01092], [122445000.0, 0.01651731], [122443000.0, 0.01008], [122442000.0, 0.001], [122436000.0, 0.00017616]], "asks": [[122587000.0, 0.03847371], [122588000.0, 0.00904735], [122590000.0, 0.00081817], [122597000.0, 0.00078489], [122598000.0, 0.00373521], [122599000.0, 0.03344237], [122600000.0, 0.7914057], [122601000.0, 8.173e-05], [122605000.0, 0.00012271], [122610000.0, 0.10786695]]},
{"timestamp": 1743771222554, "bids": [[122488000.0, 0.35492602], [122472000.0, 0.0362284], [122470000.0, 0.35492602], [122457000.0, 0.0008162], [122456000.0, 8.166e-05], [122455000.0, 0.01092], [122445000.0, 0.01651731], [122443000.0, 0.01008], [122442000.0, 0.001], [122436000.0, 0.00017616]], "asks": [[122587000.0, 0.03847371], [122588000.0, 0.00904735], [122590000.0, 0.00081817], [122597000.0, 0.00078489], [122598000.0, 0.00373521], [122599000.0, 0.03344237], [122600000.0, 0.7914057], [122601000.0, 8.173e-05], [122605000.0, 0.00012271], [122610000.0, 0.10786695]]},
{"timestamp": 1743771222654, "bids": [[122488000.0, 0.35492602], [122472000.0, 0.0362284], [122470000.0, 0.35492602], [122457000.0, 0.0008162], [122456000.0, 8.166e-05], [122455000.0, 0.01092], [122445000.0, 0.01651731], [122443000.0, 0.01008], [122442000.0, 0.001], [122436000.0, 0.00017616]], "asks": [[122587000.0, 0.03847371], [122588000.0, 0.00904735], [122590000.0, 0.00081817], [122597000.0, 0.00078489], [122598000.0, 0.00373521], [122599000.0, 0.03344237], [122600000.0, 0.7914057], [122601000.0, 8.173e-05], [122605000.0, 0.00012271], [122610000.0, 0.10786695]]},
{"timestamp": 1743771222754, "bids": [[122489000.0, 0.03564299], [122488000.0, 0.35492602], [122472000.0, 0.0362284], [122470000.0, 0.35492602], [122457000.0, 0.0008162], [122456000.0, 8.166e-05], [122455000.0, 0.01092], [122445000.0, 0.01651731], [122443000.0, 0.01008], [122442000.0, 0.001]], "asks": [[122587000.0, 0.03847371], [122588000.0, 0.00904735], [122590000.0, 0.00081817], [122597000.0, 0.00078489], [122598000.0, 0.00373521], [122599000.0, 0.03344237], [122600000.0, 0.7914057], [122601000.0, 8.173e-05], [122605000.0, 0.00012271], [122610000.0, 0.10786695]]},
{"timestamp": 1743771222954, "bids": [[122489000.0, 0.24874299], [122488000.0, 0.35492602], [122472000.0, 0.0362284], [122470000.0, 0.35492602], [122457000.0, 0.0008162], [122456000.0, 8.166e-05], [122455000.0, 0.01092], [122445000.0, 0.01651731], [122443000.0, 0.01008], [122442000.0, 0.001]], "asks": [[122587000.0, 0.03847371], [122588000.0, 0.00904735], [122590000.0, 0.00081817], [122597000.0, 0.00078489], [122598000.0, 0.00373521], [122599000.0, 0.04344237], [122600000.0, 0.7914057], [122601000.0, 8.173e-05], [122605000.0, 0.00012271], [122610000.0, 0.10786695]]},
{"timestamp": 1743771223054, "bids": [[122489000.0, 0.03564299], [122488000.0, 0.35492602], [122472000.0, 0.0362284], [122470000.0, 0.35492602], [122457000.0, 0.0008162], [122456000.0, 8.166e-05], [122455000.0, 0.01092], [122445000.0, 0.01651731], [122443000.0, 0.01008], [122442000.0, 0.001]], "asks": [[122587000.0, 0.03847371], [122588000.0, 0.00904735], [122590000.0, 0.00081817], [122597000.0, 0.00078489], [122598000.0, 0.00373521], [122599000.0, 0.04344237], [122600000.0, 0.7914057], [122601000.0, 8.173e-05], [122605000.0, 0.00012271], [122610000.0, 0.10786695]]},
{"timestamp": 1743771223154, "bids": [[122490000.0, 0.2131], [122489000.0, 0.03564299], [122488000.0, 0.35492602], [122472000.0, 0.0362284], [122470000.0, 0.35492602], [122457000.0, 0.0008162], [122456000.0, 8.166e-05], [122455000.0, 0.01092], [122445000.0, 0.01651731], [122443000.0, 0.01008]], "asks": [[122587000.0, 0.03847371], [122588000.0, 0.00904735], [122590000.0, 0.00081817], [122597000.0, 0.00078489], [122598000.0, 0.00373521], [122599000.0, 0.04344237], [122600000.0, 0.7914057], [122601000.0, 8.173e-05], [122605000.0, 0.00012271], [122610000.0, 0.10786695]]},
{"timestamp": 1743771223254, "bids": [[122491000.0, 0.03564299], [122490000.0, 0.2131], [122488000.0, 0.35492602], [122472000.0, 0.0362284], [122470000.0, 0.35492602], [122457000.0, 0.0008162], [122456000.0, 8.166e-05], [122455000.0, 0.01092], [122445000.0, 0.01651731], [122443000.0, 0.01008]], "asks": [[122587000.0, 0.03847371], [122588000.0, 0.00904735], [122590000.0, 0.00081817], [122597000.0, 0.00078489], [122598000.0, 0.00373521], [122599000.0, 0.04344237], [122600000.0, 0.7914057], [122601000.0, 8.173e-05], [122605000.0, 0.00012271], [122610000.0, 0.10786695]]},
{"timestamp": 1743771223354, "bids": [[122492000.0, 0.2131], [122491000.0, 0.03564299], [122488000.0, 0.35492602], [122486000.0, 0.00942], [122472000.0, 0.0362284], [122470000.0, 0.35492602], [122457000.0, 0.0008162], [122456000.0, 8.166e-05], [122455000.0, 0.01092], [122445000.0, 0.01651731]], "asks": [[122587000.0, 0.03847371], [122588000.0, 0.00904735], [122590000.0, 0.00081817], [122597000.0, 0.00078489], [122598000.0, 0.00373521], [122599000.0, 0.04344237], [122600000.0, 0.7914057], [122601000.0, 8.173e-05], [122605000.0, 0.00012271], [122610000.0, 0.10786695]]},
{"timestamp": 1743771223454, "bids": [[122492000.0, 0.2131], [122491000.0, 0.03564299], [122488000.0, 0.35492602], [122486000.0, 0.00942], [122472000.0, 0.0362284], [122470000.0, 0.35492602], [122457000.0, 0.0008162], [122456000.0, 8.166e-05], [122455000.0, 0.01092], [122445000.0, 0.01651731]], "asks": [[122587000.0, 0.03847371], [122588000.0, 0.00904735], [122590000.0, 0.00081817], [122597000.0, 0.00078489], [122598000.0, 0.00373521], [122599000.0, 0.04344237], [122600000.0, 0.7914057], [122601000.0, 8.173e-05], [122605000.0, 0.00012271], [122610000.0, 0.10786695]]},
{"timestamp": 1743771223554, "bids": [[122492000.0, 0.2131], [122491000.0, 0.03564299], [122488000.0, 0.35492602], [122486000.0, 0.00942], [122472000.0, 0.0362284], [122470000.0, 0.35492602], [122457000.0, 0.0008162], [122456000.0, 8.166e-05], [122455000.0, 0.01092], [122445000.0, 0.01651731]], "asks": [[122587000.0, 0.03847371], [122588000.0, 0.00904735], [122590000.0, 0.00081817], [122597000.0, 0.00078489], [122598000.0, 0.00373521], [122599000.0, 0.04344237], [122600000.0, 0.7914057], [122601000.0, 8.173e-05], [122605000.0, 0.00012271], [122610000.0, 0.10786695]]},
{"timestamp": 1743771223754, "bids": [[122493000.0, 0.03564299], [122492000.0, 0.2131], [122491000.0, 0.03564299], [122488000.0, 0.35492602], [122486000.0, 0.00942], [122472000.0, 0.0362284], [122470000.0, 0.35492602], [122457000.0, 0.0008162], [122456000.0, 8.166e-05], [122455000.0, 0.01092]], "asks": [[122587000.0, 0.03847371], [122588000.0, 0.00904735], [122590000.0, 0.00081817], [122597000.0, 0.00078489], [122598000.0, 0.00373521], [122599000.0, 0.04344237], [122600000.0, 0.7914057], [122601000.0, 8.173e-05], [122605000.0, 0.00012271], [122610000.0, 0.10786695]]},
{"timestamp": 1743771223854, "bids": [[122494000.0, 0.2131], [122493000.0, 0.03564299], [122488000.0, 0.35492602], [122486000.0, 0.00942], [122472000.0, 0.0362284], [122470000.0, 0.35492602], [122457000.0, 0.0008162], [122456000.0, 8.166e-05], [122455000.0, 0.01092], [122445000.0, 0.01651731]], "asks": [[122587000.0, 0.03847371], [122588000.0, 0.00904735], [122590000.0, 0.00081817], [122597000.0, 0.00078489], [122598000.0, 0.00373521], [122599000.0, 0.04344237], [122600000.0, 0.7914057], [122601000.0, 8.173e-05], [122605000.0, 0.00012271], [122610000.0, 0.10786695]]},
{"timestamp": 1743771223954, "bids": [[122494000.0, 0.2131], [122493000.0, 0.03564299], [122488000.0, 0.35492602], [122486000.0, 0.00942], [122472000.0, 0.0362284], [122470000.0, 0.35492602], [122457000.0, 0.0008162], [122456000.0, 8.166e-05], [122455000.0, 0.01092], [122445000.0, 0.01651731]], "asks": [[122587000.0, 0.03847371], [122588000.0, 0.00904735], [122590000.0, 0.00081817], [122597000.0, 0.00078489], [122598000.0, 0.00373521], [122599000.0, 0.04344237], [122600000.0, 0.7914057], [122601000.0, 8.173e-05], [122605000.0, 0.00012271], [122610000.0, 0.10786695]]},
{"timestamp": 1743771224054, "bids": [[122495000.0, 0.03564299], [122494000.0, 0.2131], [122488000.0, 0.35492602], [122486000.0, 0.00942], [122472000.0, 0.0362284], [122470000.0, 0.35492602], [122457000.0, 0.0008162], [122456000.0, 8.166e-05], [122455000.0, 0.01092], [122445000.0, 0.01651731]], "asks": [[122587000.0, 0.03847371], [122588000.0, 0.00904735], [122590000.0, 0.00081817], [122597000.0, 0.00078489], [122598000.0, 0.00373521], [122599000.0, 0.04344237], [122600000.0, 0.7914057], [122601000.0, 8.173e-05], [122605000.0, 0.00012271], [122610000.0, 0.10786695]]},
{"timestamp": 1743771224154, "bids": [[122496000.0, 0.2131], [122495000.0, 0.03564299], [122488000.0, 0.35492602], [122486000.0, 0.00942], [122472000.0, 0.0362284], [122470000.0, 0.35492602], [122457000.0, 0.0008162], [122456000.0, 8.166e-05], [122455000.0, 0.01092], [122445000.0, 0.01651731]], "asks": [[122587000.0, 0.03847371], [122588000.0, 0.00904735], [122590000.0, 0.00081817], [122597000.0, 0.00078489], [122598000.0, 0.00373521], [122599000.0, 0.04344237], [122600000.0, 0.7914057], [122601000.0, 8.173e-05], [122605000.0, 0.00012271], [122610000.0, 0.10786695]]},
{"timestamp": 1743771224254, "bids": [[122497000.0, 0.03564299], [122496000.0, 0.2131], [122488000.0, 0.35492602], [122486000.0, 0.00942], [122472000.0, 0.0362284], [122470000.0, 0.35492602], [122457000.0, 0.0008162], [122456000.0, 8.166e-05], [122455000.0, 0.01092], [122445000.0, 0.01651731]], "asks": [[122587000.0, 0.03853018], [122588000.0, 0.00904735], [122590000.0, 0.00081817], [122597000.0, 0.00078489], [122598000.0, 0.00373521], [122599000.0, 0.04344237], [122600000.0, 0.7914057], [122601000.0, 8.173e-05], [122605000.0, 0.00012271], [122610000.0, 0.10786695]]},
{"timestamp": 1743771224354, "bids": [[122498000.0, 0.2131], [122497000.0, 0.03564299], [122493000.0, 0.01032], [122488000.0, 0.35492602], [122486000.0, 0.00942], [122472000.0, 0.0362284], [122470000.0, 0.35492602], [122457000.0, 0.0008162], [122456000.0, 8.166e-05], [122455000.0, 0.01092]], "asks": [[122587000.0, 0.03853018], [122588000.0, 0.00904735], [122590000.0, 0.00081817], [122597000.0, 0.00078489], [122598000.0, 0.00373521], [122599000.0, 0.04344237], [122600000.0, 0.7914057], [122601000.0, 8.173e-05], [122605000.0, 0.00012271], [122610000.0, 0.10786695]]},
{"timestamp": 1743771224454, "bids": [[122498000.0, 0.2131], [122497000.0, 0.03564299], [122493000.0, 0.01032], [122488000.0, 0.35492602], [122486000.0, 0.00942], [122470000.0, 0.35492602], [122457000.0, 0.0008162], [122456000.0, 8.166e-05], [122445000.0, 0.01651731], [122442000.0, 0.001]], "asks": [[122587000.0, 0.03853018], [122588000.0, 0.00904735], [122590000.0, 0.00081817], [122597000.0, 0.00078489], [122598000.0, 0.00373521], [122599000.0, 0.04344237], [122600000.0, 0.7914057], [122601000.0, 8.173e-05], [122605000.0, 0.00012271], [122610000.0, 0.10786695]]},
{"timestamp": 1743771224554, "bids": [[122499000.0, 0.03621003], [122498000.0, 0.2131], [122497000.0, 0.03564299], [122493000.0, 0.01032], [122488000.0, 0.35492602], [122486000.0, 0.00942], [122470000.0, 0.35492602], [122457000.0, 0.0008162], [122456000.0, 8.166e-05], [122445000.0, 0.01651731]], "asks": [[122587000.0, 0.03853018], [122588000.0, 0.00904735], [122590000.0, 0.00081817], [122597000.0, 0.00078489], [122598000.0, 0.00373521], [122599000.0, 0.04344237], [122600000.0, 0.7914057], [122601000.0, 8.173e-05], [122605000.0, 0.00012271], [122610000.0, 0.10786695]]},
{"timestamp": 1743771224654, "bids": [[122500000.0, 0.2131], [122499000.0, 0.03621003], [122497000.0, 0.03564299], [122493000.0, 0.01032], [122488000.0, 0.35492602], [122486000.0, 0.00942], [122470000.0, 0.35492602], [122457000.0, 0.0008162], [122456000.0, 8.166e-05], [122445000.0, 0.01651731]], "asks": [[122587000.0, 0.03853018], [122588000.0, 0.00904735], [122590000.0, 0.00081817], [122597000.0, 0.00078489], [122598000.0, 0.00373521], [122599000.0, 0.04344237], [122600000.0, 0.7914057], [122601000.0, 8.173e-05], [122605000.0, 0.00012271], [122610000.0, 0.10786695]]},
{"timestamp": 1743771224754, "bids": [[122500000.0, 0.2131], [122499000.0, 0.03621003], [122497000.0, 0.03564299], [122493000.0, 0.01032], [122488000.0, 0.35492602], [122486000.0, 0.00942], [122470000.0, 0.35492602], [122457000.0, 0.0008162], [122456000.0, 8.166e-05], [122445000.0, 0.01651731]], "asks": [[122587000.0, 0.03853018], [122588000.0, 0.00904735], [122590000.0, 0.00081817], [122597000.0, 0.00078489], [122598000.0, 0.00373521], [122599000.0, 0.04344237], [122600000.0, 0.7914057], [122601000.0, 8.173e-05], [122605000.0, 0.00012271], [122610000.0, 0.10786695]]},
{"timestamp": 1743771224954, "bids": [[122500000.0, 0.2131], [122499000.0, 0.03621003], [122493000.0, 0.01032], [122488000.0, 0.35492602], [122486000.0, 0.00942], [122470000.0, 0.35492602], [122457000.0, 0.0008162], [122456000.0, 8.166e-05], [122445000.0, 0.01651731], [122442000.0, 0.001]], "asks": [[122587000.0, 0.03853018], [122588000.0, 0.00904735], [122590000.0, 0.00081817], [122597000.0, 0.00078489], [122598000.0, 0.00373521], [122599000.0, 0.04344237], [122600000.0, 0.7914057], [122601000.0, 8.173e-05], [122605000.0, 0.00012271], [122610000.0, 0.10786695]]},
{"timestamp": 1743771225054, "bids": [[122500000.0, 0.2131], [122499000.0, 0.03621003], [122493000.0, 0.01032], [122488000.0, 0.35492602], [122486000.0, 0.00942], [122470000.0, 0.35492602], [122457000.0, 0.0008162], [122456000.0, 8.166e-05], [122445000.0, 0.01651731], [122442000.0, 0.001]], "asks": [[122587000.0, 0.03853018], [122588000.0, 0.00904735], [122590000.0, 0.00081817], [122597000.0, 0.00078489], [122598000.0, 0.00373521], [122599000.0, 0.04344237], [122600000.0, 0.7914057], [122601000.0, 8.173e-05], [122605000.0, 0.00012271], [122610000.0, 0.10786695]]},
{"timestamp": 1743771225354, "bids": [[122500000.0, 0.2131], [122499000.0, 0.03621003], [122493000.0, 0.01032], [122488000.0, 0.35492602], [122486000.0, 0.00942], [122470000.0, 0.35492602], [122457000.0, 0.0008162], [122456000.0, 8.166e-05], [122445000.0, 0.01651731], [122442000.0, 0.001]], "asks": [[122587000.0, 0.03853018], [122588000.0, 0.00904735], [122590000.0, 0.00081817], [122597000.0, 0.00078489], [122598000.0, 0.00373521], [122599000.0, 0.04344237], [122600000.0, 0.7914057], [122601000.0, 8.173e-05], [122605000.0, 0.00012271], [122610000.0, 0.10786695]]},
{"timestamp": 1743771225454, "bids": [[122500000.0, 0.2131], [122499000.0, 0.03621003], [122493000.0, 0.01032], [122488000.0, 0.35492602], [122486000.0, 0.00942], [122470000.0, 0.35492602], [122457000.0, 0.0008162], [122456000.0, 8.166e-05], [122445000.0, 0.01651731], [122442000.0, 0.001]], "asks": [[122587000.0, 0.03853018], [122588000.0, 0.00904735], [122590000.0, 0.00081817], [122597000.0, 0.00078489], [122598000.0, 0.00373521], [122599000.0, 0.04344237], [122600000.0, 0.7914057], [122601000.0, 8.173e-05], [122605000.0, 0.00012271], [122610000.0, 0.10786695]]},
{"timestamp": 1743771225654, "bids": [[122500000.0, 0.2131], [122499000.0, 0.03621003], [122498000.0, 0.00809506], [122493000.0, 0.01032], [122488000.0, 0.35492602], [122486000.0, 0.00942], [122470000.0, 0.35492602], [122457000.0, 0.0008162], [122456000.0, 8.166e-05], [122445000.0, 0.01651731]], "asks": [[122587000.0, 0.03853018], [122588000.0, 0.00904735], [122590000.0, 0.00081817], [122597000.0, 0.00078489], [122598000.0, 0.00373521], [122599000.0, 0.04344237], [122600000.0, 0.7914057], [122601000.0, 8.173e-05], [122605000.0, 0.00012271], [122610000.0, 0.10786695]]},
{"timestamp": 1743771226054, "bids": [[122501000.0, 0.03564299], [122500000.0, 0.2131], [122499000.0, 0.03621003], [122498000.0, 0.00809506], [122493000.0, 0.01032], [122488000.0, 0.35492602], [122486000.0, 0.00942], [122470000.0, 0.35492602], [122457000.0, 0.0008162], [122456000.0, 8.166e-05]], "asks": [[122587000.0, 0.03853018], [122588000.0, 0.00904735], [122590000.0, 0.00081817], [122597000.0, 0.00078489], [122598000.0, 0.00373521], [122599000.0, 0.04344237], [122600000.0, 0.7914057], [122601000.0, 8.173e-05], [122605000.0, 0.00012271], [122610000.0, 0.10786695]]},
{"timestamp": 1743771226154, "bids": [[122502000.0, 0.2131], [122501000.0, 0.03564299], [122499000.0, 0.03621003], [122498000.0, 0.00809506], [122493000.0, 0.01032], [122488000.0, 0.35492602], [122486000.0, 0.00942], [122470000.0, 0.35492602], [122457000.0, 0.0008162], [122456000.0, 8.166e-05]], "asks": [[122587000.0, 0.03853018], [122588000.0, 0.00904735], [122590000.0, 0.00081817], [122597000.0, 0.00078489], [122598000.0, 0.00373521], [122599000.0, 0.04344237], [122600000.0, 0.7914057], [122601000.0, 8.173e-05], [122605000.0, 0.00012271], [122610000.0, 0.10786695]]},
{"timestamp": 1743771226254, "bids": [[122503000.0, 0.03564299], [122499000.0, 0.03621003], [122498000.0, 0.00809506], [122493000.0, 0.01032], [122488000.0, 0.35492602], [122486000.0, 0.00942], [122470000.0, 0.35492602], [122457000.0, 0.0008162], [122456000.0, 8.166e-05], [122445000.0, 0.01651731]], "asks": [[122587000.0, 0.03853018], [122588000.0, 0.00904735], [122590000.0, 0.00081817], [122597000.0, 0.00078489], [122598000.0, 0.00373521], [122599000.0, 0.04344237], [122600000.0, 0.7914057], [122601000.0, 8.173e-05], [122605000.0, 0.00012271], [122610000.0, 0.10786695]]},
{"timestamp": 1743771226354, "bids": [[122503000.0, 0.03564299], [122500000.0, 0.2131], [122499000.0, 0.03621003], [122498000.0, 0.00809506], [122488000.0, 0.35492602], [122486000.0, 0.00942], [122470000.0, 0.35492602], [122457000.0, 0.0008162], [122456000.0, 8.166e-05], [122445000.0, 0.01651731]], "asks": [[122587000.0, 0.03853018], [122588000.0, 0.00904735], [122590000.0, 0.00081817], [122597000.0, 0.00078489], [122598000.0, 0.00373521], [122599000.0, 0.04344237], [122600000.0, 0.7914057], [122601000.0, 8.173e-05], [122605000.0, 0.00012271], [122610000.0, 0.10786695]]},
{"timestamp": 1743771226454, "bids": [[122503000.0, 0.03564299], [122500000.0, 0.2131], [122499000.0, 0.03621003], [122498000.0, 0.00809506], [122488000.0, 0.35492602], [122486000.0, 0.00942], [122470000.0, 0.35492602], [122457000.0, 0.0008162], [122456000.0, 8.166e-05], [122445000.0, 0.01651731]], "asks": [[122587000.0, 0.03853018], [122588000.0, 0.00904735], [122590000.0, 0.00081817], [122597000.0, 0.00078489], [122598000.0, 0.00373521], [122599000.0, 0.04344237], [122600000.0, 0.7914057], [122601000.0, 8.173e-05], [122605000.0, 0.00012271], [122610000.0, 0.10786695]]},
{"timestamp": 1743771226754, "bids": [[122503000.0, 0.03564299], [122499000.0, 0.03621003], [122498000.0, 0.00809506], [122489000.0, 0.2131], [122488000.0, 0.35492602], [122486000.0, 0.00942], [122470000.0, 0.35492602], [122457000.0, 0.0008162], [122456000.0, 8.166e-05], [122445000.0, 0.01651731]], "asks": [[122587000.0, 0.03853018], [122588000.0, 0.00904735], [122590000.0, 0.00081817], [122597000.0, 0.00078489], [122598000.0, 0.00373521], [122599000.0, 0.04344237], [122600000.0, 0.7914057], [122601000.0, 8.173e-05], [122605000.0, 0.00012271], [122610000.0, 0.10786695]]},
{"timestamp": 1743771226854, "bids": [[122503000.0, 0.03564299], [122499000.0, 0.03621003], [122498000.0, 0.00809506], [122488000.0, 0.35492602], [122486000.0, 0.00942], [122470000.0, 0.35492602], [122457000.0, 0.0008162], [122456000.0, 8.166e-05], [122445000.0, 0.01651731], [122442000.0, 0.001]], "asks": [[122587000.0, 0.03853018], [122588000.0, 0.00904735], [122590000.0, 0.00081817], [122597000.0, 0.00078489], [122598000.0, 0.00373521], [122599000.0, 0.04344237], [122600000.0, 0.7914057], [122601000.0, 8.173e-05], [122605000.0, 0.00012271], [122610000.0, 0.10786695]]},
{"timestamp": 1743771226954, "bids": [[122504000.0, 0.2131], [122503000.0, 0.03564299], [122499000.0, 0.03621003], [122498000.0, 0.00809506], [122488000.0, 0.35492602], [122486000.0, 0.00942], [122470000.0, 0.35492602], [122457000.0, 0.0008162], [122456000.0, 8.166e-05], [122445000.0, 0.01651731]], "asks": [[122587000.0, 0.03853018], [122588000.0, 0.00904735], [122590000.0, 0.00081817], [122597000.0, 0.00078489], [122598000.0, 0.00373521], [122599000.0, 0.04344237], [122600000.0, 0.7914057], [122601000.0, 8.173e-05], [122605000.0, 0.00012271], [122610000.0, 0.10786695]]},
{"timestamp": 1743771227054, "bids": [[122499000.0, 0.03621003], [122498000.0, 0.00809506], [122489000.0, 0.2131], [122488000.0, 0.35492602], [122486000.0, 0.00942], [122470000.0, 0.35492602], [122457000.0, 0.0008162], [122456000.0, 8.166e-05], [122445000.0, 0.01651731], [122442000.0, 0.001]], "asks": [[122587000.0, 0.03853018], [122588000.0, 0.00904735], [122590000.0, 0.00081817], [122597000.0, 0.00078489], [122598000.0, 0.00373521], [122599000.0, 0.04344237], [122600000.0, 0.7914057], [122601000.0, 8.173e-05], [122605000.0, 0.00012271], [122610000.0, 0.10786695]]},
{"timestamp": 1743771227154, "bids": [[122499000.0, 0.03621003], [122498000.0, 0.00809506], [122493000.0, 0.05258888], [122489000.0, 0.2131], [122488000.0, 0.35492602], [122479000.0, 0.0093], [122470000.0, 0.35492602], [122457000.0, 0.0008162], [122456000.0, 8.166e-05], [122445000.0, 0.01651731]], "asks": [[122587000.0, 0.03853018], [122588000.0, 0.00904735], [122590000.0, 0.00081817], [122597000.0, 0.00078489], [122598000.0, 0.00373521], [122599000.0, 0.04344237], [122600000.0, 0.7914057], [122601000.0, 8.173e-05], [122605000.0, 0.00012271], [122610000.0, 0.10786695]]},
{"timestamp": 1743771227254, "bids": [[122499000.0, 0.03621003], [122498000.0, 0.00809506], [122493000.0, 0.05258888], [122488000.0, 0.35492602], [122479000.0, 0.0093], [122470000.0, 0.35492602], [122457000.0, 0.0008162], [122456000.0, 8.166e-05], [122445000.0, 0.01651731], [122442000.0, 0.001]], "asks": [[122581000.0, 0.03592225], [122587000.0, 0.03853018], [122588000.0, 0.00904735], [122590000.0, 0.00081817], [122597000.0, 0.00078489], [122598000.0, 0.00373521], [122599000.0, 0.04344237], [122600000.0, 0.7914057], [122601000.0, 8.173e-05], [122605000.0, 0.00012271]]},
{"timestamp": 1743771227354, "bids": [[122500000.0, 0.24874299], [122499000.0, 0.03621003], [122498000.0, 0.00809506], [122493000.0, 0.05258888], [122488000.0, 0.35492602], [122479000.0, 0.0093], [122470000.0, 0.35492602], [122457000.0, 0.0008162], [122456000.0, 8.166e-05], [122445000.0, 0.01651731]], "asks": [[122581000.0, 0.03592225], [122587000.0, 0.03853018], [122588000.0, 0.00904735], [122590000.0, 0.00081817], [122597000.0, 0.00078489], [122598000.0, 0.00373521], [122599000.0, 0.04344237], [122600000.0, 0.7914057], [122601000.0, 8.173e-05], [122605000.0, 0.00012271]]},
{"timestamp": 1743771227454, "bids": [[122500000.0, 0.03564299], [122499000.0, 0.03621003], [122498000.0, 0.00809506], [122494000.0, 0.2131], [122493000.0, 0.05258888], [122488000.0, 0.36494602], [122479000.0, 0.0093], [122470000.0, 0.35492602], [122457000.0, 0.0008162], [122456000.0, 8.166e-05]], "asks": [[122581000.0, 0.03592225], [122587000.0, 0.03853018], [122588000.0, 0.00904735], [122590000.0, 0.00081817], [122597000.0, 0.00078489], [122598000.0, 0.00373521], [122599000.0, 0.04344237], [122600000.0, 0.7914057], [122601000.0, 8.173e-05], [122605000.0, 0.00012271]]},
{"timestamp": 1743771227554, "bids": [[122500000.0, 0.03564299], [122499000.0, 0.03621003], [122498000.0, 0.00809506], [122494000.0, 0.2131], [122493000.0, 0.05258888], [122488000.0, 0.35492602], [122479000.0, 0.0093], [122470000.0, 0.35492602], [122457000.0, 0.0008162], [122456000.0, 8.166e-05]], "asks": [[122581000.0, 0.03592225], [122587000.0, 0.03853018], [122588000.0, 0.00904735], [122590000.0, 0.00081817], [122597000.0, 0.00078489], [122598000.0, 0.00373521], [122599000.0, 0.04344237], [122600000.0, 0.7914057], [122601000.0, 8.173e-05], [122605000.0, 0.00012271]]},
{"timestamp": 1743771227654, "bids": [[122500000.0, 0.03564299], [122499000.0, 0.03621003], [122498000.0, 0.00809506], [122494000.0, 0.2131], [122493000.0, 0.05258888], [122488000.0, 0.35492602], [122479000.0, 0.0093], [122470000.0, 0.35492602], [122457000.0, 0.0008162], [122456000.0, 8.166e-05]], "asks": [[122581000.0, 0.03592225], [122587000.0, 0.03853018], [122588000.0, 0.00904735], [122590000.0, 0.00081817], [122597000.0, 0.00078489], [122598000.0, 0.00373521], [122599000.0, 0.04344237], [122600000.0, 0.7914057], [122601000.0, 8.173e-05], [122605000.0, 0.00012271]]},
{"timestamp": 1743771227854, "bids": [[122500000.0, 0.03564299], [122498000.0, 0.00809506], [122494000.0, 0.2131], [122493000.0, 0.05258888], [122488000.0, 0.35492602], [122479000.0, 0.0093], [122470000.0, 0.35492602], [122457000.0, 0.0008162], [122456000.0, 8.166e-05], [122445000.0, 0.01651731]], "asks": [[122581000.0, 0.03592225], [122587000.0, 0.03853018], [122588000.0, 0.00904735], [122590000.0, 0.00081817], [122597000.0, 0.00078489], [122598000.0, 0.00373521], [122599000.0, 0.04344237], [122600000.0, 0.7914057], [122601000.0, 8.173e-05], [122605000.0, 0.00012271]]},
{"timestamp": 1743771228054, "bids": [[122501000.0, 0.03621436], [122500000.0, 0.03564299], [122498000.0, 0.00809506], [122494000.0, 0.2131], [122493000.0, 0.05258888], [122488000.0, 0.35492602], [122479000.0, 0.0093], [122470000.0, 0.35492602], [122457000.0, 0.0008162], [122456000.0, 8.166e-05]], "asks": [[122581000.0, 0.03592225], [122587000.0, 0.03853018], [122588000.0, 0.00904735], [122590000.0, 0.00081817], [122597000.0, 0.00078489], [122598000.0, 0.00373521], [122599000.0, 0.04344237], [122600000.0, 0.7914057], [122601000.0, 8.173e-05], [122605000.0, 0.00012271]]},
{"timestamp": 1743771228154, "bids": [[122501000.0, 0.03621436], [122500000.0, 0.03564299], [122498000.0, 0.00809506], [122493000.0, 0.05258888], [122489000.0, 0.2131], [122488000.0, 0.35492602], [122479000.0, 0.0093], [122470000.0, 0.35492602], [122457000.0, 0.0008162], [122456000.0, 8.166e-05]], "asks": [[122581000.0, 0.03592225], [122587000.0, 0.03853018], [122588000.0, 0.00904735], [122590000.0, 0.00081817], [122597000.0, 0.00078489], [122598000.0, 0.00373521], [122599000.0, 0.04344237], [122600000.0, 0.7914057], [122601000.0, 8.173e-05], [122605000.0, 0.00012271]]},
{"timestamp": 1743771228254, "bids": [[122502000.0, 0.03564299], [122501000.0, 0.03621436], [122498000.0, 0.00809506], [122494000.0, 0.2131], [122493000.0, 0.05258888], [122488000.0, 0.35492602], [122479000.0, 0.0093], [122470000.0, 0.35492602], [122457000.0, 0.0008162], [122456000.0, 8.166e-05]], "asks": [[122581000.0, 0.03592225], [122587000.0, 0.03853018], [122588000.0, 0.00904735], [122590000.0, 0.00081817], [122597000.0, 0.00078489], [122598000.0, 0.00373521], [122599000.0, 0.04344237], [122600000.0, 0.7914057], [122601000.0, 8.173e-05], [122605000.0, 0.00012271]]},
{"timestamp": 1743771228354, "bids": [[122502000.0, 0.03564299], [122501000.0, 0.03621436], [122498000.0, 0.00809506], [122494000.0, 0.2131], [122493000.0, 0.05258888], [122488000.0, 0.35492602], [122479000.0, 0.0093], [122470000.0, 0.35492602], [122457000.0, 0.0008162], [122456000.0, 8.166e-05]], "asks": [[122581000.0, 0.03592225], [122587000.0, 0.03853018], [122588000.0, 0.00904735], [122590000.0, 0.00081817], [122597000.0, 0.00078489], [122598000.0, 0.00373521], [122599000.0, 0.04344237], [122600000.0, 0.7914057], [122601000.0, 8.173e-05], [122605000.0, 0.00012271]]},
{"timestamp": 1743771228454, "bids": [[122503000.0, 0.2131], [122502000.0, 0.03564299], [122501000.0, 0.03621436], [122498000.0, 0.00809506], [122493000.0, 0.05258888], [122488000.0, 0.35492602], [122479000.0, 0.0093], [122470000.0, 0.35492602], [122457000.0, 0.0008162], [122456000.0, 8.166e-05]], "asks": [[122581000.0, 0.03592225], [122587000.0, 0.03853018], [122588000.0, 0.00904735], [122590000.0, 0.00081817], [122597000.0, 0.00078489], [122598000.0, 0.00373521], [122599000.0, 0.04344237], [122600000.0, 0.7914057], [122601000.0, 8.173e-05], [122605000.0, 0.00012271]]},
{"timestamp": 1743771228554, "bids": [[122503000.0, 0.2131], [122501000.0, 0.03621436], [122498000.0, 0.00809506], [122493000.0, 0.05258888], [122492000.0, 0.01062], [122488000.0, 0.35492602], [122479000.0, 0.0093], [122470000.0, 0.35492602], [122457000.0, 0.0008162], [122456000.0, 8.166e-05]], "asks": [[122581000.0, 0.03592225], [122587000.0, 0.03853018], [122588000.0, 0.00904735], [122590000.0, 0.00081817], [122597000.0, 0.00078489], [122598000.0, 0.00373521], [122599000.0, 0.04344237], [122600000.0, 0.7914057], [122601000.0, 8.173e-05], [122605000.0, 0.00012271]]},
{"timestamp": 1743771228654, "bids": [[122501000.0, 0.03621436], [122498000.0, 0.00809506], [122493000.0, 0.05258888], [122492000.0, 0.01062], [122488000.0, 0.35492602], [122479000.0, 0.0093], [122470000.0, 0.35492602], [122457000.0, 0.0008162], [122456000.0, 8.166e-05], [122445000.0, 0.01651731]], "asks": [[122581000.0, 0.03592225], [122587000.0, 0.03853018], [122588000.0, 0.00904735], [122590000.0, 0.00081817], [122597000.0, 0.00078489], [122598000.0, 0.00373521], [122599000.0, 0.04344237], [122600000.0, 0.7914057], [122601000.0, 8.173e-05], [122605000.0, 0.00012271]]},
{"timestamp": 1743771228754, "bids": [[122502000.0, 0.2131], [122501000.0, 0.03621436], [122498000.0, 0.00809506], [122493000.0, 0.05258888], [122491000.0, 0.05258888], [122488000.0, 0.35492602], [122479000.0, 0.0093], [122470000.0, 0.35492602], [122457000.0, 0.0008162], [122456000.0, 8.166e-05]], "asks": [[122581000.0, 0.03592225], [122587000.0, 0.03853018], [122588000.0, 0.00904735], [122590000.0, 0.00081817], [122597000.0, 0.00078489], [122598000.0, 0.00373521], [122599000.0, 0.04344237], [122600000.0, 0.7914057], [122601000.0, 8.173e-05], [122605000.0, 0.00012271]]},
{"timestamp": 1743771228854, "bids": [[122502000.0, 0.2131], [122501000.0, 0.03621436], [122498000.0, 0.00809506], [122493000.0, 0.05258888], [122488000.0, 0.35492602], [122479000.0, 0.0093], [122470000.0, 0.35492602], [122457000.0, 0.0008162], [122456000.0, 8.166e-05], [122445000.0, 0.01651731]], "asks": [[122581000.0, 0.03592225], [122587000.0, 0.03853018], [122588000.0, 0.00904735], [122590000.0, 0.00081817], [122597000.0, 0.00078489], [122598000.0, 0.00373521], [122599000.0, 0.04344237], [122600000.0, 0.7914057], [122601000.0, 8.173e-05], [122605000.0, 0.00012271]]},
{"timestamp": 1743771228954, "bids": [[122502000.0, 0.2131], [122501000.0, 0.03621436], [122498000.0, 0.00809506], [122493000.0, 0.05258888], [122488000.0, 0.35492602], [122479000.0, 0.0093], [122470000.0, 0.35492602], [122457000.0, 0.0008162], [122456000.0, 8.166e-05], [122445000.0, 0.01651731]], "asks": [[122581000.0, 0.03592225], [122587000.0, 0.03853018], [122588000.0, 0.00904735], [122590000.0, 0.00081817], [122597000.0, 0.00078489], [122598000.0, 0.00373521], [122599000.0, 0.04344237], [122600000.0, 0.7914057], [122601000.0, 8.173e-05], [122605000.0, 0.00012271]]},
{"timestamp": 1743771229054, "bids": [[122502000.0, 0.2131], [122501000.0, 0.03621436], [122498000.0, 0.00809506], [122493000.0, 0.05258888], [122488000.0, 0.35492602], [122481000.0, 0.0107004], [122479000.0, 0.0093], [122470000.0, 0.35492602], [122467000.0, 0.03073159], [122457000.0, 0.0008162]], "asks": [[122581000.0, 0.03592225], [122587000.0, 0.03853018], [122588000.0, 0.00904735], [122590000.0, 0.00081817], [122597000.0, 0.00078489], [122598000.0, 0.00373521], [122599000.0, 0.04344237], [122600000.0, 0.7914057], [122601000.0, 8.173e-05], [122605000.0, 0.00012271]]},
{"timestamp": 1743771229154, "bids": [[122502000.0, 0.2131], [122501000.0, 0.03621436], [122498000.0, 0.00809506], [122493000.0, 0.05258888], [122488000.0, 0.35492602], [122481000.0, 0.0107004], [122479000.0, 0.0093], [122470000.0, 0.35492602], [122467000.0, 0.03073159], [122457000.0, 0.0008162]], "asks": [[122581000.0, 0.03592225], [122587000.0, 0.03853018], [122588000.0, 0.00904735], [122590000.0, 0.00081817], [122597000.0, 0.00078489], [122598000.0, 0.00373521], [122599000.0, 0.04344237], [122600000.0, 0.7914057], [122601000.0, 8.173e-05], [122605000.0, 0.00012271]]},
{"timestamp": 1743771229254, "bids": [[122503000.0, 0.03564299], [122502000.0, 0.2131], [122501000.0, 0.03621436], [122498000.0, 0.00809506], [122493000.0, 0.05258888], [122488000.0, 0.35492602], [122481000.0, 0.0107004], [122479000.0, 0.0093], [122470000.0, 0.35492602], [122467000.0, 0.03073159]], "asks": [[122581000.0, 0.03592225], [122587000.0, 0.03853018], [122588000.0, 0.00904735], [122590000.0, 0.00081817], [122597000.0, 0.00078489], [122598000.0, 0.00373521], [122599000.0, 0.04344237], [122600000.0, 0.7914057], [122601000.0, 8.173e-05], [122605000.0, 0.00012271]]},
{"timestamp": 1743771229354, "bids": [[122504000.0, 0.2131], [122503000.0, 0.03564299], [122501000.0, 0.03621436], [122498000.0, 0.00809506], [122494000.0, 0.01014], [122493000.0, 0.05258888], [122488000.0, 0.35492602], [122481000.0, 0.0107004], [122479000.0, 0.0093], [122470000.0, 0.35492602]], "asks": [[122581000.0, 0.03592225], [122587000.0, 0.03853018], [122588000.0, 0.00904735], [122590000.0, 0.00081817], [122597000.0, 0.00078489], [122598000.0, 0.00373521], [122599000.0, 0.04344237], [122600000.0, 0.7914057], [122601000.0, 8.173e-05], [122605000.0, 0.00012271]]},
{"timestamp": 1743771229454, "bids": [[122504000.0, 0.2131], [122501000.0, 0.03621436], [122498000.0, 0.00809506], [122494000.0, 0.01014], [122488000.0, 0.35492602], [122481000.0, 0.0107004], [122479000.0, 0.0093], [122470000.0, 0.35492602], [122467000.0, 0.03073159], [122457000.0, 0.0008162]], "asks": [[122581000.0, 0.03592225], [122587000.0, 0.03853018], [122588000.0, 0.00904735], [122590000.0, 0.00081817], [122597000.0, 0.00078489], [122598000.0, 0.00373521], [122599000.0, 0.04344237], [122600000.0, 0.7914057], [122601000.0, 8.173e-05], [122605000.0, 0.00012271]]},
{"timestamp": 1743771229554, "bids": [[122502000.0, 0.2131], [122501000.0, 0.03621436], [122498000.0, 0.00809506], [122494000.0, 0.01014], [122488000.0, 0.35492602], [122481000.0, 0.0107004], [122479000.0, 0.0093], [122470000.0, 0.35492602], [122467000.0, 0.03073159], [122457000.0, 0.0008162]], "asks": [[122581000.0, 0.03592225], [122587000.0, 0.03853018], [122588000.0, 0.00904735], [122590000.0, 0.00081817], [122597000.0, 0.00078489], [122598000.0, 0.00373521], [122599000.0, 0.04344237], [122600000.0, 0.7914057], [122601000.0, 8.173e-05], [122605000.0, 0.00012271]]},
{"timestamp": 1743771229654, "bids": [[122505000.0, 0.03564299], [122502000.0, 0.2131], [122501000.0, 0.03621436], [122498000.0, 0.00809506], [122488000.0, 0.35492602], [122487000.0, 0.01062], [122481000.0, 0.0107004], [122479000.0, 0.0093], [122470000.0, 0.35492602], [122467000.0, 0.03073159]], "asks": [[122581000.0, 0.03592225], [122587000.0, 0.03853018], [122588000.0, 0.00904735], [122590000.0, 0.00081817], [122597000.0, 0.00078489], [122598000.0, 0.00536655], [122599000.0, 0.04344237], [122600000.0, 0.7914057], [122601000.0, 8.173e-05], [122605000.0, 0.00012271]]},
{"timestamp": 1743771229754, "bids": [[122506000.0, 0.2131], [122505000.0, 0.03564299], [122501000.0, 0.03621436], [122498000.0, 0.00809506], [122488000.0, 0.35492602], [122487000.0, 0.01062], [122481000.0, 0.0107004], [122479000.0, 0.0093], [122470000.0, 0.35492602], [122467000.0, 0.03073159]], "asks": [[122581000.0, 0.03592225], [122587000.0, 0.03853018], [122588000.0, 0.00904735], [122590000.0, 0.00081817], [122597000.0, 0.00078489], [122598000.0, 0.00536655], [122599000.0, 0.04344237], [122600000.0, 0.7914057], [122601000.0, 8.173e-05], [122605000.0, 0.00012271]]},
{"timestamp": 1743771229854, "bids": [[122506000.0, 0.2131], [122505000.0, 0.03564299], [122501000.0, 0.03621436], [122498000.0, 0.00809506], [122488000.0, 0.35492602], [122487000.0, 0.01062], [122481000.0, 0.0107004], [122479000.0, 0.0093], [122470000.0, 0.35492602], [122467000.0, 0.03073159]], "asks": [[122581000.0, 0.03592225], [122587000.0, 0.03853018], [122588000.0, 0.00904735], [122590000.0, 0.00081817], [122597000.0, 0.00078489], [122598000.0, 0.00536655], [122599000.0, 0.04344237], [122600000.0, 0.7914057], [122601000.0, 8.173e-05], [122605000.0, 0.00012271]]},
{"timestamp": 1743771229954, "bids": [[122506000.0, 0.2131], [122501000.0, 0.03621436], [122498000.0, 0.00809506], [122488000.0, 0.35492602], [122487000.0, 0.01062], [122481000.0, 0.0107004], [122479000.0, 0.0093], [122470000.0, 0.35492602], [122467000.0, 0.03073159], [122457000.0, 0.0008162]], "asks": [[122581000.0, 0.03592225], [122587000.0, 0.03853018], [122588000.0, 0.00904735], [122590000.0, 0.00081817], [122597000.0, 0.00078489], [122598000.0, 0.00536655], [122599000.0, 0.04344237], [122600000.0, 0.7914057], [122601000.0, 8.173e-05], [122605000.0, 0.00012271]]},
{"timestamp": 1743771230054, "bids": [[122502000.0, 0.2131], [122501000.0, 0.03621436], [122498000.0, 0.00809506], [122488000.0, 0.35492602], [122487000.0, 0.01062], [122481000.0, 0.0107004], [122479000.0, 0.0093], [122470000.0, 0.35492602], [122467000.0, 0.03073159], [122457000.0, 0.0008162]], "asks": [[122581000.0, 0.03592225], [122587000.0, 0.03853018], [122588000.0, 0.00904735], [122590000.0, 0.00081817], [122597000.0, 0.00078489], [122598000.0, 0.00536655], [122599000.0, 0.04344237], [122600000.0, 0.7914057], [122601000.0, 8.173e-05], [122605000.0, 0.00012271]]},
{"timestamp": 1743771230254, "bids": [[122502000.0, 0.21299965], [122501000.0, 0.03621436], [122498000.0, 0.00809506], [122488000.0, 0.35492602], [122487000.0, 0.01062], [122481000.0, 0.0107004], [122479000.0, 0.0093], [122470000.0, 0.35492602], [122467000.0, 0.03073159], [122457000.0, 0.0008162]], "asks": [[122581000.0, 0.03592225], [122587000.0, 0.03853018], [122588000.0, 0.00904735], [122590000.0, 0.00081817], [122597000.0, 0.00078489], [122598000.0, 0.00659313], [122599000.0, 0.04344237], [122600000.0, 0.7914057], [122601000.0, 8.173e-05], [122605000.0, 0.00012271]]},
{"timestamp": 1743771230354, "bids": [[122501000.0, 0.03621436], [122498000.0, 0.00809506], [122489000.0, 0.2131], [122488000.0, 0.35492602], [122487000.0, 0.01062], [122481000.0, 0.0107004], [122479000.0, 0.0093], [122470000.0, 0.35492602], [122467000.0, 0.03073159], [122457000.0, 0.0008162]], "asks": [[122581000.0, 0.03592225], [122587000.0, 0.03853018], [122588000.0, 0.00904735], [122590000.0, 0.00081817], [122597000.0, 0.00078489], [122598000.0, 0.00659313], [122599000.0, 0.04344237], [122600000.0, 0.7914057], [122601000.0, 8.173e-05], [122605000.0, 0.00012271]]},
{"timestamp": 1743771230454, "bids": [[122502000.0, 0.2131], [122501000.0, 0.03621436], [122498000.0, 0.00809506], [122491000.0, 0.05258888], [122488000.0, 0.35492602], [122487000.0, 0.01062], [122481000.0, 0.0107004], [122479000.0, 0.0093], [122471000.0, 0.0869], [122470000.0, 0.35492602]], "asks": [[122581000.0, 0.03592225], [122587000.0, 0.03853018], [122588000.0, 0.00904735], [122590000.0, 0.00081817], [122597000.0, 0.00078489], [122598000.0, 0.00659313], [122599000.0, 0.04344237], [122600000.0, 0.7914057], [122601000.0, 8.173e-05], [122605000.0, 0.00012271]]},
{"timestamp": 1743771230554, "bids": [[122502000.0, 0.2131], [122501000.0, 0.03621436], [122498000.0, 0.00809506], [122488000.0, 0.35492602], [122487000.0, 0.01062], [122481000.0, 0.0107004], [122479000.0, 0.0093], [122471000.0, 0.0869], [122470000.0, 0.35492602], [122467000.0, 0.03073159]], "asks": [[122581000.0, 0.03592225], [122587000.0, 0.03853018], [122588000.0, 0.00904735], [122590000.0, 0.00081817], [122597000.0, 0.00078489], [122598000.0, 0.00659313], [122599000.0, 0.04344237], [122600000.0, 0.7914057], [122601000.0, 8.173e-05], [122605000.0, 0.00012271]]},
{"timestamp": 1743771230654, "bids": [[122501000.0, 0.03621436], [122498000.0, 0.00809506], [122489000.0, 0.2131], [122488000.0, 0.35492602], [122487000.0, 0.01062], [122481000.0, 0.0107004], [122479000.0, 0.0093], [122471000.0, 0.0869], [122470000.0, 0.35492602], [122467000.0, 0.03073159]], "asks": [[122581000.0, 0.03592225], [122587000.0, 0.03853018], [122588000.0, 0.00904735], [122590000.0, 0.00081817], [122597000.0, 0.00078489], [122598000.0, 0.00659313], [122599000.0, 0.04344237], [122600000.0, 0.7914057], [122601000.0, 8.173e-05], [122605000.0, 0.00012271]]},
{"timestamp": 1743771230754, "bids": [[122501000.0, 0.03621436], [122498000.0, 0.00809506], [122491000.0, 0.05258888], [122489000.0, 0.2131], [122488000.0, 0.35492602], [122481000.0, 0.0107004], [122479000.0, 0.0093], [122471000.0, 0.0869], [122470000.0, 0.35492602], [122467000.0, 0.03073159]], "asks": [[122581000.0, 0.03592225], [122587000.0, 0.03853018], [122588000.0, 0.00904735], [122590000.0, 0.00081817], [122597000.0, 0.00078489], [122598000.0, 0.00659313], [122599000.0, 0.04344237], [122600000.0, 0.7914057], [122601000.0, 8.173e-05], [122605000.0, 0.00012271]]},
{"timestamp": 1743771230854, "bids": [[122501000.0, 0.03621436], [122498000.0, 0.00809506], [122492000.0, 0.2131], [122491000.0, 0.05258888], [122488000.0, 0.35492602], [122481000.0, 0.0107004], [122471000.0, 0.0869], [122470000.0, 0.35492602], [122467000.0, 0.03073159], [122457000.0, 0.0008162]], "asks": [[122581000.0, 0.03592225], [122587000.0, 0.03853018], [122588000.0, 0.00904735], [122590000.0, 0.00081817], [122597000.0, 0.00078489], [122598000.0, 0.00659313], [122599000.0, 0.04344237], [122600000.0, 0.7914057], [122601000.0, 8.173e-05], [122605000.0, 0.00012271]]},
{"timestamp": 1743771230954, "bids": [[122501000.0, 0.03621436], [122498000.0, 0.00809506], [122488000.0, 0.35492602], [122481000.0, 0.0107004], [122471000.0, 0.09668], [122470000.0, 0.35492602], [122467000.0, 0.03073159], [122457000.0, 0.0008162], [122456000.0, 8.166e-05], [122445000.0, 0.01651731]], "asks": [[122581000.0, 0.03592225], [122587000.0, 0.03853018], [122588000.0, 0.00904735], [122590000.0, 0.00081817], [122597000.0, 0.00078489], [122598000.0, 0.00659313], [122599000.0, 0.04344237], [122600000.0, 0.7914057], [122601000.0, 8.173e-05], [122605000.0, 0.00012271]]},
{"timestamp": 1743771231054, "bids": [[122501000.0, 0.03621436], [122498000.0, 0.00809506], [122491000.0, 0.05258888], [122489000.0, 0.2131], [122488000.0, 0.35492602], [122481000.0, 0.0107004], [122471000.0, 0.09668], [122470000.0, 0.35492602], [122467000.0, 0.03073159], [122457000.0, 0.0008162]], "asks": [[122581000.0, 0.03592225], [122587000.0, 0.03853018], [122588000.0, 0.00904735], [122590000.0, 0.00081817], [122597000.0, 0.00078489], [122598000.0, 0.00659313], [122599000.0, 0.04344237], [122600000.0, 0.7914057], [122601000.0, 8.173e-05], [122605000.0, 0.00012271]]},
{"timestamp": 1743771231154, "bids": [[122501000.0, 0.03621436], [122498000.0, 0.00809506], [122491000.0, 0.05258888], [122488000.0, 0.35492602], [122481000.0, 0.0107004], [122471000.0, 0.09668], [122470000.0, 0.35492602], [122467000.0, 0.03073159], [122457000.0, 0.0008162], [122456000.0, 8.166e-05]], "asks": [[122581000.0, 0.03592225], [122587000.0, 0.03853018], [122588000.0, 0.00904735], [122590000.0, 0.00081817], [122597000.0, 0.00078489], [122598000.0, 0.00659313], [122599000.0, 0.04344237], [122600000.0, 0.7914057], [122601000.0, 8.173e-05], [122605000.0, 0.00012271]]},
{"timestamp": 1743771231254, "bids": [[122501000.0, 0.03621436], [122498000.0, 0.00809506], [122491000.0, 0.05258888], [122488000.0, 0.35492602], [122481000.0, 0.0107004], [122471000.0, 0.00978], [122470000.0, 0.35492602], [122467000.0, 0.03073159], [122457000.0, 0.0008162], [122456000.0, 8.166e-05]], "asks": [[122581000.0, 0.03592225], [122587000.0, 0.03853018], [122588000.0, 0.00904735], [122590000.0, 0.00081817], [122597000.0, 0.00078489], [122598000.0, 0.00659313], [122599000.0, 0.04344237], [122600000.0, 0.7914057], [122601000.0, 8.173e-05], [122605000.0, 0.00012271]]},
{"timestamp": 1743771231354, "bids": [[122501000.0, 0.03621436], [122498000.0, 0.00809506], [122491000.0, 0.05258888], [122488000.0, 0.35492602], [122481000.0, 0.0107004], [122471000.0, 0.00978], [122470000.0, 0.35492602], [122467000.0, 0.03073159], [122457000.0, 0.0008162], [122456000.0, 8.166e-05]], "asks": [[122581000.0, 0.28884308], [122587000.0, 0.03853018], [122588000.0, 0.00904735], [122590000.0, 0.00081817], [122597000.0, 0.00078489], [122598000.0, 0.00659313], [122599000.0, 0.04344237], [122600000.0, 0.7914057], [122601000.0, 8.173e-05], [122605000.0, 0.00012271]]},
{"timestamp": 1743771231454, "bids": [[122501000.0, 0.03621436], [122498000.0, 0.00809506], [122491000.0, 0.05258888], [122488000.0, 0.35492602], [122481000.0, 0.0107004], [122471000.0, 0.00978], [122470000.0, 0.35492602], [122467000.0, 0.03073159], [122457000.0, 0.0008162], [122456000.0, 8.166e-05]], "asks": [[122581000.0, 0.28884308], [122587000.0, 0.03853018], [122588000.0, 0.00904735], [122590000.0, 0.00081817], [122597000.0, 0.00078489], [122598000.0, 0.00659313], [122599000.0, 0.04344237], [122600000.0, 0.7914057], [122601000.0, 8.173e-05], [122605000.0, 0.00012271]]},
{"timestamp": 1743771231554, "bids": [[122501000.0, 0.03621436], [122498000.0, 0.00809506], [122491000.0, 0.05258888], [122488000.0, 0.35492602], [122481000.0, 0.0107004], [122471000.0, 0.00978], [122470000.0, 0.35492602], [122467000.0, 0.03073159], [122457000.0, 0.0008162], [122456000.0, 8.166e-05]], "asks": [[122581000.0, 0.28884308], [122587000.0, 0.03853018], [122588000.0, 0.00904735], [122590000.0, 0.00081817], [122597000.0, 0.00078489], [122598000.0, 0.00659313], [122599000.0, 0.04344237], [122600000.0, 0.7914057], [122601000.0, 8.173e-05], [122605000.0, 0.00012271]]},
{"timestamp": 1743771231654, "bids": [[122501000.0, 0.03621436], [122498000.0, 0.00809506], [122491000.0, 0.05258888], [122488000.0, 0.35492602], [122481000.0, 0.0107004], [122471000.0, 0.00978], [122470000.0, 0.35492602], [122467000.0, 0.03073159], [122457000.0, 0.0008162], [122456000.0, 8.166e-05]], "asks": [[122581000.0, 0.28884308], [122587000.0, 0.03853018], [122588000.0, 0.00904735], [122590000.0, 0.00081817], [122597000.0, 0.00078489], [122598000.0, 0.00659313], [122599000.0, 0.04344237], [122600000.0, 0.7914057], [122601000.0, 8.173e-05], [122605000.0, 0.00012271]]},
{"timestamp": 1743771231754, "bids": [[122501000.0, 0.03621436], [122498000.0, 0.00809506], [122491000.0, 0.05258888], [122488000.0, 0.35492602], [122481000.0, 0.0107004], [122471000.0, 0.00978], [122470000.0, 0.35492602], [122467000.0, 0.03073159], [122457000.0, 0.0008162], [122456000.0, 8.166e-05]], "asks": [[122581000.0, 0.28884308], [122587000.0, 0.03853018], [122588000.0, 0.00904735], [122590000.0, 0.00081817], [122597000.0, 0.00078489], [122598000.0, 0.00659313], [122599000.0, 0.04344237], [122600000.0, 0.7914057], [122601000.0, 8.173e-05], [122605000.0, 0.00012271]]},
{"timestamp": 1743771231954, "bids": [[122501000.0, 0.03621436], [122498000.0, 0.00809506], [122491000.0, 0.05258888], [122488000.0, 0.35492602], [122481000.0, 0.0107004], [122470000.0, 0.35492602], [122467000.0, 0.03073159], [122457000.0, 0.0008162], [122456000.0, 8.166e-05], [122453000.0, 0.009]], "asks": [[122581000.0, 0.28884308], [122587000.0, 0.03853018], [122588000.0, 0.00904735], [122590000.0, 0.00081817], [122597000.0, 0.00078489], [122598000.0, 0.00659313], [122599000.0, 0.04344237], [122600000.0, 0.7914057], [122601000.0, 8.173e-05], [122605000.0, 0.00012271]]},
