[
{"timestamp": 1743771599954, "bids": [[122467000.0, 0.22807186], [122466000.0, 0.35491878], [122459000.0, 0.01017068], [122447000.0, 0.03039062], [122442000.0, 0.00615798], [122436000.0, 0.08528], [122435000.0, 0.11629948], [122433000.0, 0.03211995], [122432000.0, 0.06107076], [122428000.0, 0.35491878]], "asks": [[122567000.0, 5.793e-05], [122579000.0, 0.03344782], [122581000.0, 0.00823045], [122582000.0, 0.84474622], [122587000.0, 0.02556693], [122588000.0, 0.005117], [122590000.0, 0.00081817], [122597000.0, 0.00024531], [122598000.0, 0.90373521], [122599000.0, 0.03372786]]},
{"timestamp": 1743771600054, "bids": [[122467000.0, 0.22807186], [122459000.0, 0.01017068], [122447000.0, 0.03039062], [122442000.0, 0.00615798], [122436000.0, 0.08528], [122435000.0, 0.11629948], [122433000.0, 0.03211995], [122432000.0, 0.06107076], [122427000.0, 5.799e-05], [122425000.0, 0.03622315]], "asks": [[122567000.0, 5.793e-05], [122579000.0, 0.03344782], [122581000.0, 0.00823045], [122582000.0, 0.84474622], [122587000.0, 0.02556693], [122588000.0, 0.005117], [122590000.0, 0.00081817], [122597000.0, 0.00024531], [122598000.0, 0.90373521], [122599000.0, 0.03372786]]},
{"timestamp": 1743771600154, "bids": [[122467000.0, 0.00517186], [122459000.0, 0.01017068], [122448000.0, 0.2229], [122447000.0, 0.03039062], [122442000.0, 0.00615798], [122436000.0, 0.08528], [122435000.0, 0.11629948], [122433000.0, 0.03211995], [122432000.0, 0.06107076], [122427000.0, 5.799e-05]], "asks": [[122567000.0, 5.793e-05], [122579000.0, 0.03344782], [122581000.0, 0.00823045], [122582000.0, 0.84474622], [122587000.0, 0.02556693], [122588000.0, 0.005117], [122590000.0, 0.00081817], [122597000.0, 0.00024531], [122598000.0, 0.90373521], [122599000.0, 0.03372786]]},
{"timestamp": 1743771600254, "bids": [[122467000.0, 0.00517186], [122459000.0, 0.01017068], [122448000.0, 0.2229], [122447000.0, 0.03039062], [122442000.0, 0.00615798], [122436000.0, 0.44015533], [122435000.0, 0.11629948], [122433000.0, 0.03211995], [122432000.0, 0.06107076], [122427000.0, 5.799e-05]], "asks": [[122567000.0, 5.8e-06], [122579000.0, 0.03344782], [122581000.0, 0.00823045], [122582000.0, 0.84474622], [122587000.0, 0.02556693], [122588000.0, 0.005117], [122590000.0, 0.00081817], [122597000.0, 0.00024531], [122598000.0, 0.90373521], [122599000.0, 0.03372786]]},
{"timestamp": 1743771600354, "bids": [[122468000.0, 0.0099], [122467000.0, 0.00517186], [122459000.0, 0.01017068], [122448000.0, 0.2229], [122447000.0, 0.03039062], [122442000.0, 0.00615798], [122436000.0, 0.44015533], [122435000.0, 0.11629948], [122433000.0, 0.03211995], [122432000.0, 0.06107076]], "asks": [[122567000.0, 5.8e-06], [122579000.0, 0.03344782], [122581000.0, 0.00823045], [122582000.0, 0.84474622], [122587000.0, 0.02556693], [122588000.0, 0.005117], [122590000.0, 0.00081817], [122597000.0, 0.00024531], [122598000.0, 0.90373521], [122599000.0, 0.03372786]]},
{"timestamp": 1743771600454, "bids": [[122468000.0, 0.0099], [122467000.0, 0.35487533], [122460000.0, 0.2229], [122459000.0, 0.01017068], [122447000.0, 0.03039062], [122442000.0, 0.00615798], [122436000.0, 0.35487533], [122435000.0, 0.11629948], [122433000.0, 0.03211995], [122432000.0, 0.06107076]], "asks": [[122567000.0, 5.8e-06], [122579000.0, 0.03344782], [122581000.0, 0.00823045], [122582000.0, 0.84474622], [122587000.0, 0.02556693], [122588000.0, 0.005117], [122590000.0, 0.00081817], [122597000.0, 0.00024531], [122598000.0, 0.00373521], [122599000.0, 0.93372786]]},
{"timestamp": 1743771600554, "bids": [[122468000.0, 0.23797186], [122467000.0, 0.35487533], [122459000.0, 0.01017068], [122447000.0, 0.03039062], [122443000.0, 0.08865], [122442000.0, 0.00615798], [122436000.0, 0.35487533], [122435000.0, 0.11629948], [122433000.0, 0.03211995], [122432000.0, 0.06107076]], "asks": [[122567000.0, 5.8e-06], [122579000.0, 0.03344782], [122581000.0, 0.00823045], [122582000.0, 0.84474622], [122587000.0, 0.02556693], [122588000.0, 0.005117], [122590000.0, 0.00081817], [122597000.0, 0.00024531], [122598000.0, 0.00373521], [122599000.0, 0.03372786]]},
{"timestamp": 1743771600654, "bids": [[122468000.0, 0.23797186], [122467000.0, 0.35487533], [122459000.0, 0.01017068], [122447000.0, 0.03039062], [122443000.0, 0.08865], [122442000.0, 0.00615798], [122436000.0, 0.35487533], [122435000.0, 0.11629948], [122433000.0, 0.03211995], [122432000.0, 0.06107076]], "asks": [[122579000.0, 0.03331501], [122581000.0, 0.00823045], [122582000.0, 0.84474622], [122587000.0, 0.02556693], [122588000.0, 0.005117], [122590000.0, 0.00081817], [122597000.0, 0.00024531], [122598000.0, 0.00373521], [122599000.0, 0.03372786], [122600000.0, 0.00861535]]},
{"timestamp": 1743771600854, "bids": [[122468000.0, 0.23797186], [122467000.0, 0.35487533], [122459000.0, 0.01017068], [122447000.0, 0.03039062], [122443000.0, 0.08865], [122436000.0, 0.35487533], [122435000.0, 0.11629948], [122433000.0, 0.03211995], [122432000.0, 0.06107076], [122427000.0, 5.799e-05]], "asks": [[122579000.0, 0.03331501], [122581000.0, 0.00823045], [122582000.0, 0.84474622], [122587000.0, 0.02556693], [122588000.0, 0.005117], [122590000.0, 0.00081817], [122597000.0, 0.00024531], [122598000.0, 0.00373521], [122599000.0, 0.03372786], [122600000.0, 0.00861535]]},
{"timestamp": 1743771600954, "bids": [[122468000.0, 0.23797186], [122467000.0, 0.35487533], [122459000.0, 0.01017068], [122447000.0, 0.03039062], [122443000.0, 0.08865], [122436000.0, 0.35487533], [122435000.0, 0.11629948], [122433000.0, 0.03211995], [122432000.0, 0.06107076], [122427000.0, 5.799e-05]], "asks": [[122579000.0, 0.03331501], [122581000.0, 0.00823045], [122582000.0, 0.84474622], [122587000.0, 0.02556693], [122588000.0, 0.005117], [122590000.0, 0.00081817], [122597000.0, 0.00024531], [122598000.0, 0.00373521], [122599000.0, 0.03372786], [122600000.0, 0.00861535]]},
{"timestamp": 1743771601154, "bids": [[122468000.0, 0.23797186], [122467000.0, 0.35487533], [122460000.0, 0.08637], [122443000.0, 0.08865], [122436000.0, 0.35487533], [122435000.0, 0.11629948], [122433000.0, 0.03211995], [122432000.0, 0.06107076], [122427000.0, 5.799e-05], [122425000.0, 0.03622315]], "asks": [[122579000.0, 0.03331501], [122581000.0, 0.00823045], [122582000.0, 0.84474622], [122587000.0, 0.02556693], [122588000.0, 0.005117], [122590000.0, 0.00081817], [122597000.0, 0.00024531], [122598000.0, 0.00373521], [122599000.0, 0.03372786], [122600000.0, 0.00861535]]},
{"timestamp": 1743771601254, "bids": [[122468000.0, 0.23797186], [122467000.0, 0.35487533], [122461000.0, 0.00615702], [122460000.0, 0.08637], [122436000.0, 0.35487533], [122435000.0, 0.11629948], [122433000.0, 0.03211995], [122432000.0, 0.06107076], [122427000.0, 5.799e-05], [122425000.0, 0.03622315]], "asks": [[122579000.0, 0.03331501], [122581000.0, 0.00823045], [122582000.0, 0.84474622], [122587000.0, 0.02556693], [122588000.0, 0.005117], [122590000.0, 0.00081817], [122597000.0, 0.00024531], [122598000.0, 0.00373521], [122599000.0, 0.03372786], [122600000.0, 0.00861535]]},
{"timestamp": 1743771601354, "bids": [[122500000.0, 0.01098838], [122468000.0, 0.23797186], [122467000.0, 0.35487533], [122461000.0, 0.00615702], [122460000.0, 0.08637], [122436000.0, 0.35487533], [122435000.0, 0.11629948], [122433000.0, 0.03211995], [122432000.0, 0.06107076], [122427000.0, 5.799e-05]], "asks": [[122579000.0, 0.03331501], [122581000.0, 0.00823045], [122582000.0, 0.84474622], [122587000.0, 0.02556693], [122588000.0, 0.005117], [122590000.0, 0.00081817], [122597000.0, 0.00024531], [122598000.0, 0.00373521], [122599000.0, 0.03372786], [122600000.0, 0.00861535]]},
{"timestamp": 1743771601454, "bids": [[122500000.0, 0.01098838], [122492000.0, 0.00936], [122478000.0, 0.06602781], [122469000.0, 0.2229], [122468000.0, 0.0099], [122467000.0, 0.35487533], [122461000.0, 0.00615702], [122460000.0, 0.08637], [122436000.0, 0.35487533], [122435000.0, 0.11629948]], "asks": [[122579000.0, 0.03331501], [122581000.0, 0.00823045], [122582000.0, 0.84474622], [122587000.0, 0.02556693], [122588000.0, 0.005117], [122590000.0, 0.00081817], [122597000.0, 0.00024531], [122598000.0, 0.00373521], [122599000.0, 0.03372786], [122600000.0, 0.00861535]]},
{"timestamp": 1743771601554, "bids": [[122500000.0, 0.01616024], [122492000.0, 0.00936], [122479000.0, 0.2229], [122478000.0, 0.06602781], [122468000.0, 0.0099], [122467000.0, 0.35487533], [122462000.0, 0.08677], [122461000.0, 0.00615702], [122436000.0, 0.35487533], [122435000.0, 0.11629948]], "asks": [[122579000.0, 0.03331501], [122581000.0, 0.00823045], [122582000.0, 0.84474622], [122587000.0, 0.02556693], [122588000.0, 0.005117], [122590000.0, 0.00081817], [122597000.0, 0.00024531], [122598000.0, 0.00373521], [122599000.0, 0.03372786], [122600000.0, 0.00861535]]},
{"timestamp": 1743771601654, "bids": [[122500000.0, 0.01616024], [122493000.0, 0.2229], [122492000.0, 0.00936], [122490000.0, 0.06602781], [122468000.0, 0.0099], [122467000.0, 0.35487533], [122462000.0, 0.08677], [122461000.0, 0.00615702], [122436000.0, 0.35487533], [122435000.0, 0.11629948]], "asks": [[122579000.0, 0.03331501], [122581000.0, 0.00823045], [122582000.0, 0.84474622], [122587000.0, 0.02556693], [122588000.0, 0.005117], [122590000.0, 0.00081817], [122597000.0, 0.00024531], [122598000.0, 0.00373521], [122599000.0, 0.03372786], [122600000.0, 0.00861535]]},
{"timestamp": 1743771601754, "bids": [[122500000.0, 0.01616024], [122493000.0, 0.2229], [122492000.0, 0.00936], [122468000.0, 0.0099], [122467000.0, 0.35487533], [122462000.0, 0.08677], [122461000.0, 0.00615702], [122454000.0, 0.01996104], [122436000.0, 0.35487533], [122435000.0, 0.11629948]], "asks": [[122579000.0, 0.03331501], [122581000.0, 0.00823045], [122582000.0, 0.84474622], [122587000.0, 0.02556693], [122588000.0, 0.005117], [122590000.0, 0.00081817], [122597000.0, 0.00024531], [122598000.0, 0.00373521], [122599000.0, 0.03372786], [122600000.0, 0.00861535]]},
{"timestamp": 1743771601854, "bids": [[122514000.0, 0.35487533], [122500000.0, 0.01616024], [122493000.0, 0.2229], [122492000.0, 0.00936], [122488000.0, 0.35487533], [122469000.0, 0.08589], [122468000.0, 0.0099], [122467000.0, 0.35487533], [122461000.0, 0.00615702], [122454000.0, 0.01996104]], "asks": [[122579000.0, 0.03331501], [122581000.0, 0.00823045], [122582000.0, 0.84474622], [122587000.0, 0.02556693], [122588000.0, 0.005117], [122590000.0, 0.00081817], [122597000.0, 0.00024531], [122598000.0, 0.00373521], [122599000.0, 0.03372786], [122600000.0, 0.00861535]]},
{"timestamp": 1743771601954, "bids": [[122515000.0, 0.2229], [122514000.0, 0.35487533], [122500000.0, 0.01098838], [122492000.0, 0.00936], [122488000.0, 0.35487533], [122469000.0, 0.08589], [122468000.0, 0.0099], [122467000.0, 0.35487533], [122461000.0, 0.00615702], [122454000.0, 0.01996104]], "asks": [[122579000.0, 0.03331501], [122581000.0, 0.00823045], [122582000.0, 0.84474622], [122587000.0, 0.02556693], [122588000.0, 0.005117], [122590000.0, 0.00081817], [122597000.0, 0.00024531], [122598000.0, 0.00373521], [122599000.0, 0.03372786], [122600000.0, 0.00861535]]},
{"timestamp": 1743771602054, "bids": [[122515000.0, 0.22807186], [122514000.0, 0.35487533], [122500000.0, 0.01098838], [122492000.0, 0.00936], [122488000.0, 0.35487533], [122469000.0, 0.08589], [122468000.0, 0.0099], [122467000.0, 0.35487533], [122461000.0, 0.00615702], [122454000.0, 0.01996104]], "asks": [[122579000.0, 0.03331501], [122581000.0, 0.00823045], [122582000.0, 0.84474622], [122587000.0, 0.02556693], [122588000.0, 0.005117], [122590000.0, 0.00081817], [122597000.0, 0.00024531], [122598000.0, 0.00373521], [122599000.0, 0.03372786], [122600000.0, 0.00861535]]},
{"timestamp": 1743771602154, "bids": [[122515000.0, 0.22807186], [122514000.0, 0.35487533], [122500000.0, 0.01098838], [122492000.0, 0.00936], [122488000.0, 0.35487533], [122469000.0, 0.08589], [122468000.0, 0.0099], [122467000.0, 0.35487533], [122461000.0, 0.00615702], [122454000.0, 0.01996104]], "asks": [[122579000.0, 0.03331501], [122581000.0, 0.00823045], [122582000.0, 0.84474622], [122587000.0, 0.02556693], [122588000.0, 0.005117], [122590000.0, 0.00081817], [122597000.0, 0.00024531], [122598000.0, 0.00373521], [122599000.0, 0.03372786], [122600000.0, 0.00861535]]},
{"timestamp": 1743771602254, "bids": [[122515000.0, 0.22807186], [122514000.0, 0.35487533], [122500000.0, 0.01098838], [122492000.0, 0.00936], [122488000.0, 0.35487533], [122469000.0, 0.08589], [122468000.0, 0.0099], [122467000.0, 0.35487533], [122454000.0, 0.01996104], [122436000.0, 0.35487533]], "asks": [[122579000.0, 0.03331501], [122581000.0, 0.00823045], [122582000.0, 0.84474622], [122587000.0, 0.02556693], [122588000.0, 0.005117], [122590000.0, 0.00081817], [122597000.0, 0.00024531], [122598000.0, 0.00373521], [122599000.0, 0.03372786], [122600000.0, 0.00861535]]},
{"timestamp": 1743771602354, "bids": [[122515000.0, 0.00517186], [122514000.0, 0.35487533], [122500000.0, 0.01098838], [122492000.0, 0.00936], [122488000.0, 0.35487533], [122469000.0, 0.08589], [122468000.0, 0.0099], [122454000.0, 0.01996104], [122435000.0, 0.11629948], [122433000.0, 0.03211995]], "asks": [[122579000.0, 0.03331501], [122581000.0, 0.00823045], [122582000.0, 0.84474622], [122587000.0, 0.02556693], [122588000.0, 0.005117], [122590000.0, 0.00081817], [122597000.0, 0.00024531], [122598000.0, 0.00373521], [122599000.0, 0.03372786], [122600000.0, 0.00861535]]},
{"timestamp": 1743771602454, "bids": [[122515000.0, 0.00517186], [122514000.0, 0.35487533], [122500000.0, 0.01098838], [122495000.0, 0.00615532], [122492000.0, 0.00936], [122490000.0, 0.0294497], [122488000.0, 0.35487533], [122469000.0, 0.08589], [122468000.0, 0.0099], [122454000.0, 0.01996104]], "asks": [[122579000.0, 0.03331501], [122581000.0, 0.00823045], [122582000.0, 0.84474622], [122587000.0, 0.02556693], [122588000.0, 0.005117], [122590000.0, 0.00081817], [122597000.0, 0.00024531], [122598000.0, 0.00373521], [122599000.0, 0.03372786], [122600000.0, 0.00861535]]},
{"timestamp": 1743771602554, "bids": [[122515000.0, 0.22807186], [122514000.0, 0.35487533], [122500000.0, 0.01098838], [122495000.0, 0.00615532], [122492000.0, 0.00936], [122490000.0, 0.0294497], [122488000.0, 0.35487533], [122469000.0, 0.08589], [122468000.0, 0.0099], [122454000.0, 0.01996104]], "asks": [[122579000.0, 0.03331501], [122581000.0, 0.00823045], [122582000.0, 0.84474622], [122587000.0, 0.02556693], [122588000.0, 0.005117], [122590000.0, 0.00081817], [122597000.0, 0.00024531], [122598000.0, 0.00373521], [122599000.0, 0.03372786], [122600000.0, 0.00861535]]},
{"timestamp": 1743771602754, "bids": [[122515000.0, 0.00517186], [122514000.0, 0.35487533], [122500000.0, 0.01098838], [122495000.0, 0.00615532], [122492000.0, 0.00936], [122490000.0, 0.0294497], [122488000.0, 0.35487533], [122469000.0, 0.08589], [122468000.0, 0.0099], [122454000.0, 0.01996104]], "asks": [[122579000.0, 0.03331501], [122581000.0, 0.00823045], [122582000.0, 0.84474622], [122587000.0, 0.02556693], [122588000.0, 0.005117], [122590000.0, 0.00081817], [122597000.0, 0.00024531], [122598000.0, 0.00373521], [122599000.0, 0.03372786], [122600000.0, 0.00861535]]},
{"timestamp": 1743771602954, "bids": [[122515000.0, 0.00517186], [122514000.0, 0.35487533], [122510000.0, 0.01026], [122500000.0, 0.01098838], [122495000.0, 0.00615532], [122492000.0, 0.00936], [122490000.0, 0.0294497], [122488000.0, 0.35487533], [122469000.0, 0.08589], [122468000.0, 0.0099]], "asks": [[122579000.0, 0.03331501], [122581000.0, 0.00823045], [122582000.0, 0.84474622], [122587000.0, 0.02556693], [122588000.0, 0.005117], [122590000.0, 0.00081817], [122597000.0, 0.00024531], [122598000.0, 0.00373521], [122599000.0, 0.03372786], [122600000.0, 0.00861535]]},
{"timestamp": 1743771603054, "bids": [[122515000.0, 0.00517186], [122514000.0, 0.35487533], [122510000.0, 0.01026], [122500000.0, 0.01098838], [122495000.0, 0.00615532], [122492000.0, 0.00936], [122490000.0, 0.0294497], [122488000.0, 0.35487533], [122469000.0, 0.08589], [122468000.0, 0.0099]], "asks": [[122579000.0, 0.03331501], [122581000.0, 0.00823045], [122582000.0, 0.84474622], [122587000.0, 0.02556693], [122588000.0, 0.005117], [122590000.0, 0.00081817], [122597000.0, 0.00024531], [122598000.0, 0.00373521], [122599000.0, 0.03372786], [122600000.0, 0.00861535]]},
{"timestamp": 1743771603154, "bids": [[122515000.0, 0.00517186], [122514000.0, 0.35487533], [122510000.0, 0.01026], [122500000.0, 0.01098838], [122495000.0, 0.00615532], [122492000.0, 0.00936], [122490000.0, 0.0294497], [122488000.0, 0.35487533], [122469000.0, 0.08589], [122468000.0, 0.0099]], "asks": [[122579000.0, 0.03331501], [122581000.0, 0.00823045], [122582000.0, 0.84474622], [122587000.0, 0.02556693], [122588000.0, 0.005117], [122590000.0, 0.00081817], [122597000.0, 0.00024531], [122598000.0, 0.00373521], [122599000.0, 0.03372786], [122600000.0, 0.00861535]]},
{"timestamp": 1743771603254, "bids": [[122515000.0, 0.00517186], [122514000.0, 0.35487533], [122510000.0, 0.01026], [122500000.0, 0.01098838], [122495000.0, 0.00615532], [122492000.0, 0.00936], [122490000.0, 0.0294497], [122488000.0, 0.35487533], [122468000.0, 0.0099], [122454000.0, 0.01996104]], "asks": [[122579000.0, 0.03331501], [122581000.0, 0.00823045], [122582000.0, 0.84474622], [122587000.0, 0.02556693], [122588000.0, 0.005117], [122590000.0, 0.00081817], [122597000.0, 0.00024531], [122598000.0, 0.00373521], [122599000.0, 0.03372786], [122600000.0, 0.00861535]]},
{"timestamp": 1743771603354, "bids": [[122515000.0, 0.22807186], [122514000.0, 0.35487533], [122510000.0, 0.01026], [122500000.0, 0.01098838], [122495000.0, 0.00615532], [122492000.0, 0.00936], [122490000.0, 0.0294497], [122488000.0, 0.35487533], [122469000.0, 0.0362068], [122468000.0, 0.0099]], "asks": [[122579000.0, 0.03331501], [122581000.0, 0.00823045], [122582000.0, 0.84474622], [122587000.0, 0.02556693], [122588000.0, 0.005117], [122590000.0, 0.00081817], [122597000.0, 0.00024531], [122598000.0, 0.00373521], [122599000.0, 0.03372786], [122600000.0, 0.00861535]]},
{"timestamp": 1743771603454, "bids": [[122515000.0, 0.22807186], [122514000.0, 0.35487533], [122510000.0, 0.01026], [122500000.0, 0.01098838], [122492000.0, 0.00936], [122490000.0, 0.0294497], [122488000.0, 0.35487533], [122469000.0, 0.0362068], [122468000.0, 0.0099], [122454000.0, 0.01996104]], "asks": [[122579000.0, 0.03331501], [122581000.0, 0.00823045], [122582000.0, 0.84474622], [122587000.0, 0.02556693], [122588000.0, 0.005117], [122590000.0, 0.00081817], [122597000.0, 0.00024531], [122598000.0, 0.00373521], [122599000.0, 0.03372786], [122600000.0, 0.00861535]]},
{"timestamp": 1743771603554, "bids": [[122515000.0, 0.22807186], [122514000.0, 0.35487533], [122510000.0, 0.01026], [122500000.0, 0.01098838], [122492000.0, 0.00936], [122490000.0, 0.0294497], [122488000.0, 0.35487533], [122469000.0, 0.0362068], [122468000.0, 0.0099], [122455000.0, 0.0868]], "asks": [[122579000.0, 0.03331501], [122581000.0, 0.00823045], [122582000.0, 0.84474622], [122587000.0, 0.02556693], [122588000.0, 0.005117], [122590000.0, 0.00081817], [122597000.0, 0.00024531], [122598000.0, 0.00373521], [122599000.0, 0.03372786], [122600000.0, 0.00861535]]},
{"timestamp": 1743771603654, "bids": [[122515000.0, 0.22807186], [122514000.0, 0.35487533], [122510000.0, 0.01026], [122500000.0, 0.01098838], [122492000.0, 0.00936], [122490000.0, 0.0294497], [122488000.0, 0.35487533], [122474000.0, 0.00615637], [122469000.0, 0.0362068], [122468000.0, 0.0099]], "asks": [[122579000.0, 0.03327341], [122581000.0, 0.00823045], [122582000.0, 0.84474622], [122587000.0, 0.02556693], [122588000.0, 0.005117], [122590000.0, 0.00081817], [122597000.0, 0.00024531], [122598000.0, 0.00373521], [122599000.0, 0.03372786], [122600000.0, 0.00861535]]},
{"timestamp": 1743771603954, "bids": [[122515000.0, 0.00517186], [122514000.0, 0.35487533], [122510000.0, 0.01026], [122500000.0, 0.01098838], [122492000.0, 0.00936], [122490000.0, 0.0294497], [122488000.0, 0.35487533], [122474000.0, 0.00615637], [122469000.0, 0.0362068], [122468000.0, 0.0099]], "asks": [[122579000.0, 0.03327341], [122581000.0, 0.00823045], [122582000.0, 0.84474622], [122587000.0, 0.02556693], [122588000.0, 0.005117], [122590000.0, 0.00081817], [122597000.0, 0.00024531], [122598000.0, 0.00373521], [122599000.0, 0.03372786], [122600000.0, 0.00861535]]},
{"timestamp": 1743771604054, "bids": [[122515000.0, 0.00517186], [122514000.0, 0.35487533], [122510000.0, 0.01026], [122500000.0, 0.01098838], [122492000.0, 0.00936], [122490000.0, 0.0294497], [122488000.0, 0.35487533], [122474000.0, 0.00615637], [122469000.0, 0.0362068], [122468000.0, 0.0099]], "asks": [[122578000.0, 0.00853138], [122579000.0, 0.03327341], [122581000.0, 0.00823045], [122582000.0, 0.84474622], [122587000.0, 0.02556693], [122588000.0, 0.005117], [122590000.0, 0.00081817], [122597000.0, 0.00024531], [122598000.0, 0.00373521], [122599000.0, 0.03372786]]},
{"timestamp": 1743771604354, "bids": [[122515000.0, 0.00517186], [122514000.0, 0.35487533], [122510000.0, 0.01026], [122500000.0, 0.01098838], [122492000.0, 0.00936], [122490000.0, 0.0294497], [122488000.0, 0.35487533], [122474000.0, 0.00615637], [122468000.0, 0.0099], [122455000.0, 0.0868]], "asks": [[122578000.0, 0.00853138], [122579000.0, 0.03327341], [122581000.0, 0.00823045], [122582000.0, 0.84474622], [122587000.0, 0.02556693], [122588000.0, 0.005117], [122590000.0, 0.00081817], [122597000.0, 0.00024531], [122598000.0, 0.00373521], [122599000.0, 0.03372786]]},
{"timestamp": 1743771604454, "bids": [[122515000.0, 0.00517186], [122514000.0, 0.35487533], [122510000.0, 0.01026], [122500000.0, 0.01098838], [122492000.0, 0.00936], [122490000.0, 0.0294497], [122488000.0, 0.35487533], [122474000.0, 0.00615637], [122468000.0, 0.0099], [122455000.0, 0.0868]], "asks": [[122578000.0, 0.00853138], [122579000.0, 0.03327341], [122581000.0, 0.00823045], [122582000.0, 0.84474622], [122587000.0, 0.02556693], [122588000.0, 0.005117], [122590000.0, 0.00081817], [122597000.0, 0.00024531], [122598000.0, 0.00373521], [122599000.0, 0.03372786]]},
{"timestamp": 1743771604554, "bids": [[122515000.0, 0.00517186], [122514000.0, 0.35487533], [122510000.0, 0.01026], [122500000.0, 0.01098838], [122492000.0, 0.00936], [122490000.0, 0.0294497], [122488000.0, 0.35487533], [122474000.0, 0.03942978], [122468000.0, 0.0099], [122455000.0, 0.0868]], "asks": [[122578000.0, 0.00853138], [122579000.0, 0.03327341], [122581000.0, 0.00823045], [122582000.0, 0.84474622], [122587000.0, 0.02556693], [122588000.0, 0.005117], [122590000.0, 0.00081817], [122597000.0, 0.00024531], [122598000.0, 0.00373521], [122599000.0, 0.03372786]]},
{"timestamp": 1743771604654, "bids": [[122515000.0, 0.00517186], [122514000.0, 0.35487533], [122510000.0, 0.01026], [122500000.0, 0.01098838], [122492000.0, 0.00936], [122490000.0, 0.0294497], [122488000.0, 0.35487533], [122474000.0, 0.03942978], [122468000.0, 0.0099], [122455000.0, 0.0868]], "asks": [[122578000.0, 0.00853138], [122579000.0, 0.03327341], [122581000.0, 0.00823045], [122582000.0, 0.84474622], [122587000.0, 0.02556693], [122588000.0, 0.005117], [122590000.0, 0.00081817], [122597000.0, 0.00024531], [122598000.0, 0.00373521], [122599000.0, 0.03372786]]},
{"timestamp": 1743771604754, "bids": [[122515000.0, 0.00517186], [122514000.0, 0.35487533], [122510000.0, 0.01026], [122500000.0, 0.01098838], [122492000.0, 0.00936], [122490000.0, 0.0294497], [122488000.0, 0.35487533], [122474000.0, 0.03942978], [122468000.0, 0.0099], [122455000.0, 0.0868]], "asks": [[122578000.0, 0.00853138], [122579000.0, 0.03327341], [122581000.0, 0.00823045], [122582000.0, 0.84474622], [122587000.0, 0.02556693], [122588000.0, 0.005117], [122590000.0, 0.00081817], [122597000.0, 0.00024531], [122598000.0, 0.00373521], [122599000.0, 0.03372786]]},
{"timestamp": 1743771604954, "bids": [[122515000.0, 0.00517186], [122514000.0, 0.35487533], [122500000.0, 0.01098838], [122492000.0, 0.00936], [122490000.0, 0.0294497], [122488000.0, 0.35487533], [122474000.0, 0.03942978], [122468000.0, 0.0099], [122455000.0, 0.0868], [122454000.0, 0.01996104]], "asks": [[122578000.0, 0.00853138], [122579000.0, 0.03327341], [122581000.0, 0.00823045], [122582000.0, 0.84474622], [122587000.0, 0.02556693], [122588000.0, 0.005117], [122590000.0, 0.00081817], [122597000.0, 0.00024531], [122598000.0, 0.00373521], [122599000.0, 0.03372786]]},
{"timestamp": 1743771605054, "bids": [[122515000.0, 0.00517186], [122514000.0, 0.35487533], [122500000.0, 0.01098838], [122492000.0, 0.00936], [122490000.0, 0.0294497], [122488000.0, 0.35487533], [122474000.0, 0.03942978], [122468000.0, 0.0099], [122454000.0, 0.01996104], [122435000.0, 0.11629948]], "asks": [[122578000.0, 0.00853138], [122579000.0, 0.03327341], [122581000.0, 0.00823045], [122582000.0, 0.84474622], [122587000.0, 0.02556693], [122588000.0, 0.005117], [122590000.0, 0.00081817], [122597000.0, 0.00024531], [122598000.0, 0.00373521], [122599000.0, 0.03372786]]},
{"timestamp": 1743771605154, "bids": [[122515000.0, 0.00517186], [122514000.0, 0.35487533], [122500000.0, 0.01098838], [122492000.0, 0.00936], [122490000.0, 0.0294497], [122488000.0, 0.35487533], [122474000.0, 0.03942978], [122468000.0, 0.0099], [122454000.0, 0.01996104], [122435000.0, 0.11629948]], "asks": [[122578000.0, 0.00853138], [122579000.0, 0.03327341], [122581000.0, 0.00823045], [122582000.0, 0.84474622], [122587000.0, 0.02556693], [122588000.0, 0.005117], [122590000.0, 0.00081817], [122597000.0, 0.00024531], [122598000.0, 0.00373521], [122599000.0, 0.03372786]]},
{"timestamp": 1743771605254, "bids": [[122515000.0, 0.00517186], [122514000.0, 0.35487533], [122500000.0, 0.01098838], [122492000.0, 0.00936], [122490000.0, 0.0294497], [122488000.0, 0.35487533], [122474000.0, 0.03942978], [122468000.0, 0.0099], [122454000.0, 0.01996104], [122435000.0, 0.11629948]], "asks": [[122578000.0, 0.00853138], [122579000.0, 0.03327341], [122581000.0, 0.00823045], [122582000.0, 0.40302677], [122587000.0, 0.02556693], [122588000.0, 0.005117], [122590000.0, 0.00081817], [122597000.0, 0.00024531], [122598000.0, 0.00373521], [122599000.0, 0.03372786]]},
{"timestamp": 1743771605354, "bids": [[122515000.0, 0.00517186], [122504000.0, 0.01044], [122500000.0, 0.01098838], [122492000.0, 0.00936], [122490000.0, 0.0294497], [122474000.0, 0.03942978], [122468000.0, 0.0099], [122454000.0, 0.01996104], [122436000.0, 0.08858], [122435000.0, 0.11629948]], "asks": [[122578000.0, 0.00853138], [122579000.0, 0.03327341], [122581000.0, 0.00823045], [122582000.0, 0.40302677], [122587000.0, 0.02556693], [122588000.0, 0.005117], [122590000.0, 0.00081817], [122597000.0, 0.00024531], [122598000.0, 0.00373521], [122599000.0, 0.03372786]]},
{"timestamp": 1743771605454, "bids": [[122516000.0, 0.00081621], [122515000.0, 0.00517186], [122500000.0, 0.01098838], [122492000.0, 0.00936], [122490000.0, 0.0294497], [122475000.0, 0.2229], [122474000.0, 0.00615637], [122468000.0, 0.36477533], [122454000.0, 0.01996104], [122438000.0, 0.35487533]], "asks": [[122578000.0, 0.00853138], [122579000.0, 0.03327341], [122581000.0, 0.00823045], [122582000.0, 0.40302677], [122587000.0, 0.02556693], [122588000.0, 0.005117], [122590000.0, 0.00081817], [122597000.0, 0.00024531], [122598000.0, 0.00373521], [122599000.0, 0.03372786]]},
{"timestamp": 1743771605554, "bids": [[122516000.0, 0.00081621], [122500000.0, 0.01098838], [122492000.0, 0.00936], [122474000.0, 0.00615637], [122468000.0, 0.36477533], [122455000.0, 0.2229], [122438000.0, 0.35487533], [122436000.0, 0.08858], [122435000.0, 0.11629948], [122433000.0, 0.03211995]], "asks": [[122578000.0, 0.00853138], [122579000.0, 0.03327341], [122581000.0, 0.00823045], [122582000.0, 0.40302677], [122587000.0, 0.02556693], [122588000.0, 0.005117], [122590000.0, 0.00081817], [122597000.0, 0.00024531], [122598000.0, 0.00373521], [122599000.0, 0.03372786]]},
{"timestamp": 1743771605654, "bids": [[122516000.0, 0.00081621], [122500000.0, 0.01098838], [122492000.0, 0.00936], [122474000.0, 0.00615637], [122469000.0, 0.2229], [122468000.0, 0.36477533], [122453000.0, 0.03301368], [122449000.0, 0.01098838], [122438000.0, 0.35487533], [122436000.0, 0.08858]], "asks": [[122578000.0, 0.00853138], [122579000.0, 0.03327341], [122581000.0, 0.00823045], [122582000.0, 0.40302677], [122587000.0, 0.02556693], [122588000.0, 0.005117], [122590000.0, 0.00081817], [122597000.0, 0.00024531], [122598000.0, 0.00373521], [122599000.0, 0.03372786]]},
{"timestamp": 1743771605754, "bids": [[122516000.0, 0.00081621], [122500000.0, 0.01098838], [122498000.0, 0.05864858], [122492000.0, 0.00936], [122474000.0, 0.00615637], [122473000.0, 0.06602781], [122469000.0, 0.2229], [122468000.0, 0.36477533], [122453000.0, 0.03301368], [122449000.0, 0.01098838]], "asks": [[122578000.0, 0.00853138], [122579000.0, 0.03327341], [122581000.0, 0.00823045], [122582000.0, 0.40302677], [122587000.0, 0.02556693], [122588000.0, 0.005117], [122590000.0, 0.00081817], [122597000.0, 0.00024531], [122598000.0, 0.00373521], [122599000.0, 0.03372786]]},
{"timestamp": 1743771605854, "bids": [[122516000.0, 0.00081621], [122510000.0, 0.06602781], [122500000.0, 0.01098838], [122498000.0, 0.05864858], [122492000.0, 0.00936], [122474000.0, 0.2229], [122468000.0, 0.36477533], [122453000.0, 0.03301368], [122449000.0, 0.01098838], [122438000.0, 0.35487533]], "asks": [[122578000.0, 0.00853138], [122579000.0, 0.03327341], [122581000.0, 0.00823045], [122582000.0, 0.40302677], [122587000.0, 0.02556693], [122588000.0, 0.005117], [122590000.0, 0.00081817], [122597000.0, 0.00024531], [122598000.0, 0.00373521], [122599000.0, 0.03372786]]},
{"timestamp": 1743771605954, "bids": [[122516000.0, 0.00081621], [122510000.0, 0.06602781], [122500000.0, 0.01098838], [122498000.0, 0.05864858], [122492000.0, 0.00936], [122474000.0, 0.2229], [122468000.0, 0.36477533], [122453000.0, 0.03301368], [122449000.0, 0.01098838], [122438000.0, 0.35487533]], "asks": [[122578000.0, 0.00853138], [122579000.0, 0.03327341], [122581000.0, 0.00823045], [122582000.0, 0.40302677], [122587000.0, 0.02556693], [122588000.0, 0.005117], [122590000.0, 0.00081817], [122597000.0, 0.00024531], [122598000.0, 0.00373521], [122599000.0, 0.03372786]]},
{"timestamp": 1743771606054, "bids": [[122516000.0, 0.00598807], [122510000.0, 0.06602781], [122500000.0, 0.01098838], [122498000.0, 0.05864858], [122492000.0, 0.00936], [122469000.0, 0.2229], [122468000.0, 0.36477533], [122453000.0, 0.03301368], [122449000.0, 0.01098838], [122438000.0, 0.35487533]], "asks": [[122578000.0, 0.00853138], [122579000.0, 0.03327341], [122581000.0, 0.00823045], [122582000.0, 0.40302677], [122587000.0, 0.02556693], [122588000.0, 0.005117], [122590000.0, 0.00081817], [122597000.0, 0.00024531], [122598000.0, 0.00373521], [122599000.0, 0.03372786]]},
{"timestamp": 1743771606154, "bids": [[122516000.0, 0.00598807], [122510000.0, 0.06602781], [122500000.0, 0.01098838], [122498000.0, 0.05864858], [122492000.0, 0.00936], [122469000.0, 0.2229], [122468000.0, 0.36477533], [122453000.0, 0.03301368], [122449000.0, 0.09645838], [122438000.0, 0.35487533]], "asks": [[122578000.0, 0.00853138], [122579000.0, 0.03327341], [122581000.0, 0.00823045], [122582000.0, 0.40302677], [122587000.0, 0.02556693], [122588000.0, 0.005117], [122590000.0, 0.00081817], [122597000.0, 0.00024531], [122598000.0, 0.00373521], [122599000.0, 0.03372786]]},
{"timestamp": 1743771606354, "bids": [[122516000.0, 0.00598807], [122510000.0, 0.06602781], [122500000.0, 0.01098838], [122498000.0, 0.05864858], [122492000.0, 0.00936], [122469000.0, 0.2229], [122468000.0, 0.36477533], [122453000.0, 0.03301368], [122449000.0, 0.09645838], [122438000.0, 0.35487533]], "asks": [[122578000.0, 0.00853138], [122579000.0, 0.03327341], [122581000.0, 0.00823045], [122582000.0, 0.40302677], [122587000.0, 0.02556693], [122588000.0, 0.005117], [122590000.0, 0.00081817], [122597000.0, 0.00024531], [122598000.0, 0.00373521], [122599000.0, 0.03372786]]},
{"timestamp": 1743771606454, "bids": [[122516000.0, 0.00081621], [122500000.0, 0.01098838], [122498000.0, 0.05864858], [122492000.0, 0.00936], [122469000.0, 0.2229], [122468000.0, 0.36477533], [122453000.0, 0.03301368], [122449000.0, 0.10261601], [122438000.0, 0.35487533], [122435000.0, 0.11629948]], "asks": [[122578000.0, 0.00853138], [122579000.0, 0.03327341], [122581000.0, 0.00823045], [122582000.0, 0.40302677], [122587000.0, 0.02556693], [122588000.0, 0.005117], [122590000.0, 0.00081817], [122597000.0, 0.00024531], [122598000.0, 0.00373521], [122599000.0, 0.03372786]]},
{"timestamp": 1743771606554, "bids": [[122516000.0, 0.00081621], [122500000.0, 0.01098838], [122498000.0, 0.05864858], [122492000.0, 0.00936], [122473000.0, 0.06602781], [122469000.0, 0.2229], [122468000.0, 0.36477533], [122453000.0, 0.03301368], [122449000.0, 0.10261601], [122438000.0, 0.35487533]], "asks": [[122578000.0, 0.00853138], [122579000.0, 0.03327341], [122581000.0, 0.00823045], [122582000.0, 0.40302677], [122587000.0, 0.02556693], [122588000.0, 0.005117], [122590000.0, 0.00081817], [122597000.0, 0.00024531], [122598000.0, 0.00373521], [122599000.0, 0.03372786]]},
{"timestamp": 1743771606654, "bids": [[122516000.0, 0.00081621], [122500000.0, 0.01098838], [122498000.0, 0.05864858], [122497000.0, 0.06602781], [122492000.0, 0.00936], [122474000.0, 0.2229], [122468000.0, 0.36477533], [122453000.0, 0.03301368], [122449000.0, 0.10261601], [122438000.0, 0.35487533]], "asks": [[122578000.0, 0.00853138], [122579000.0, 0.03327341], [122581000.0, 0.00823045], [122582000.0, 0.40302677], [122587000.0, 0.02556693], [122588000.0, 0.005117], [122590000.0, 0.00081817], [122597000.0, 0.00024531], [122598000.0, 0.00373521], [122599000.0, 0.03372786]]},
{"timestamp": 1743771606754, "bids": [[122516000.0, 0.00081621], [122510000.0, 0.06602781], [122500000.0, 0.01098838], [122498000.0, 0.05864858], [122497000.0, 0.00357937], [122492000.0, 0.00936], [122469000.0, 0.2229], [122468000.0, 0.36477533], [122453000.0, 0.03301368], [122449000.0, 0.10261601]], "asks": [[122578000.0, 0.00853138], [122579000.0, 0.03327341], [122581000.0, 0.00823045], [122582000.0, 0.40302677], [122587000.0, 0.02556693], [122588000.0, 0.005117], [122590000.0, 0.00081817], [122597000.0, 0.00024531], [122598000.0, 0.00373521], [122599000.0, 0.03372786]]},
{"timestamp": 1743771606854, "bids": [[122516000.0, 0.00598807], [122500000.0, 0.01098838], [122498000.0, 0.05864858], [122497000.0, 0.06960718], [122492000.0, 0.00936], [122469000.0, 0.2229], [122468000.0, 0.36477533], [122453000.0, 0.03301368], [122449000.0, 0.10261601], [122438000.0, 0.35487533]], "asks": [[122578000.0, 0.00853138], [122579000.0, 0.03327341], [122581000.0, 0.00823045], [122582000.0, 0.40302677], [122587000.0, 0.02556693], [122588000.0, 0.005117], [122590000.0, 0.00081817], [122597000.0, 0.00024531], [122598000.0, 0.00373521], [122599000.0, 0.03372786]]},
{"timestamp": 1743771606954, "bids": [[122516000.0, 0.00598807], [122500000.0, 0.01098838], [122498000.0, 0.05864858], [122497000.0, 0.06960718], [122492000.0, 0.00936], [122469000.0, 0.2229], [122468000.0, 0.36477533], [122453000.0, 0.03301368], [122449000.0, 0.10261601], [122438000.0, 0.35487533]], "asks": [[122578000.0, 0.00853138], [122579000.0, 0.03327341], [122581000.0, 0.00823045], [122582000.0, 0.40302677], [122587000.0, 0.02556693], [122588000.0, 0.005117], [122590000.0, 0.00081817], [122597000.0, 0.00024531], [122598000.0, 0.00373521], [122599000.0, 0.03372786]]},
{"timestamp": 1743771607054, "bids": [[122516000.0, 0.00598807], [122500000.0, 0.01098838], [122498000.0, 0.05864858], [122497000.0, 0.06960718], [122492000.0, 0.00936], [122469000.0, 0.2229], [122468000.0, 0.36477533], [122453000.0, 0.03301368], [122449000.0, 0.10261601], [122438000.0, 0.35487533]], "asks": [[122578000.0, 0.00853138], [122579000.0, 0.03327341], [122581000.0, 0.00823045], [122582000.0, 0.40302677], [122587000.0, 0.02556693], [122588000.0, 0.005117], [122590000.0, 0.00081817], [122597000.0, 0.00024531], [122598000.0, 0.00373521], [122599000.0, 0.03372786]]},
{"timestamp": 1743771607154, "bids": [[122516000.0, 0.00598807], [122500000.0, 0.01098838], [122499000.0, 0.2229], [122498000.0, 0.05864858], [122497000.0, 0.06960718], [122492000.0, 0.00936], [122468000.0, 0.36477533], [122453000.0, 0.03301368], [122449000.0, 0.10261601], [122438000.0, 0.35487533]], "asks": [[122578000.0, 0.00853138], [122579000.0, 0.03327341], [122581000.0, 0.00823045], [122582000.0, 0.40302677], [122587000.0, 0.02556693], [122588000.0, 0.005117], [122590000.0, 0.00081817], [122597000.0, 0.00024531], [122598000.0, 0.00373521], [122599000.0, 0.03372786]]},
{"timestamp": 1743771607254, "bids": [[122516000.0, 0.00598807], [122510000.0, 0.06602781], [122500000.0, 0.01098838], [122499000.0, 0.2229], [122498000.0, 0.05864858], [122497000.0, 0.00357937], [122492000.0, 0.00936], [122468000.0, 0.45193533], [122453000.0, 0.03301368], [122449000.0, 0.01714601]], "asks": [[122578000.0, 0.00853138], [122579000.0, 0.03327341], [122581000.0, 0.00823045], [122582000.0, 0.40302677], [122587000.0, 0.02556693], [122588000.0, 0.005117], [122590000.0, 0.00081817], [122597000.0, 0.00024531], [122598000.0, 0.00373521], [122599000.0, 0.03372786]]},
{"timestamp": 1743771607354, "bids": [[122516000.0, 0.00598807], [122511000.0, 0.2229], [122510000.0, 0.06602781], [122505000.0, 0.00924], [122500000.0, 0.01098838], [122498000.0, 0.05864858], [122497000.0, 0.00357937], [122492000.0, 0.00936], [122468000.0, 0.45193533], [122449000.0, 0.01714601]], "asks": [[122578000.0, 0.00848112], [122579000.0, 0.03327341], [122581000.0, 0.00823045], [122582000.0, 0.40302677], [122587000.0, 0.02556693], [122588000.0, 0.005117], [122590000.0, 0.00081817], [122597000.0, 0.00024531], [122598000.0, 0.00373521], [122599000.0, 0.03372786]]},
{"timestamp": 1743771607454, "bids": [[122516000.0, 0.00598807], [122511000.0, 0.2229], [122505000.0, 0.00924], [122500000.0, 0.01098838], [122498000.0, 0.05864858], [122497000.0, 0.00357937], [122492000.0, 0.00936], [122468000.0, 0.45193533], [122449000.0, 0.01714601], [122438000.0, 0.35487533]], "asks": [[122578000.0, 0.00848112], [122579000.0, 0.03327341], [122581000.0, 0.00823045], [122582000.0, 0.40302677], [122587000.0, 0.02556693], [122588000.0, 0.005117], [122590000.0, 0.00081817], [122597000.0, 0.00024531], [122598000.0, 0.00373521], [122599000.0, 0.03372786]]},
{"timestamp": 1743771607554, "bids": [[122516000.0, 0.00598807], [122505000.0, 0.00924], [122500000.0, 0.01098838], [122499000.0, 0.2229], [122498000.0, 0.05864858], [122497000.0, 0.00357937], [122492000.0, 0.00936], [122468000.0, 0.45193533], [122449000.0, 0.01714601], [122438000.0, 0.35487533]], "asks": [[122578000.0, 0.00848112], [122579000.0, 0.03327341], [122581000.0, 0.00823045], [122582000.0, 0.40302677], [122587000.0, 0.02556693], [122588000.0, 0.005117], [122590000.0, 0.00081817], [122597000.0, 0.00024531], [122598000.0, 0.00373521], [122599000.0, 0.03372786]]},
{"timestamp": 1743771607854, "bids": [[122516000.0, 0.00598807], [122505000.0, 0.00924], [122500000.0, 0.01098838], [122499000.0, 0.2229], [122498000.0, 0.05864858], [122497000.0, 0.00357937], [122492000.0, 0.00936], [122468000.0, 0.45193533], [122449000.0, 0.01098838], [122438000.0, 0.35487533]], "asks": [[122578000.0, 0.00848112], [122579000.0, 0.03327341], [122581000.0, 0.00823045], [122582000.0, 0.40302677], [122587000.0, 0.02556693], [122588000.0, 0.005117], [122590000.0, 0.00081817], [122597000.0, 0.00024531], [122598000.0, 0.00373521], [122599000.0, 0.03372786]]},
{"timestamp": 1743771607954, "bids": [[122516000.0, 0.00598807], [122505000.0, 0.00924], [122500000.0, 0.01098838], [122499000.0, 0.2229], [122498000.0, 0.05864858], [122497000.0, 0.00357937], [122492000.0, 0.00936], [122468000.0, 0.45193533], [122449000.0, 0.01098838], [122438000.0, 0.35487533]], "asks": [[122578000.0, 0.00848112], [122579000.0, 0.03327341], [122581000.0, 0.00823045], [122582000.0, 0.40302677], [122587000.0, 0.02556693], [122588000.0, 0.005117], [122590000.0, 0.00081817], [122597000.0, 0.00024531], [122598000.0, 0.00373521], [122599000.0, 0.03372786]]},
{"timestamp": 1743771608254, "bids": [[122516000.0, 0.00598807], [122505000.0, 0.00924], [122500000.0, 0.01098838], [122499000.0, 0.2229], [122498000.0, 0.05864858], [122497000.0, 0.00357937], [122492000.0, 0.00936], [122483000.0, 0.35487533], [122479000.0, 0.00615612], [122468000.0, 0.45193533]], "asks": [[122578000.0, 5.026e-05], [122579000.0, 0.03327341], [122581000.0, 0.00823045], [122582000.0, 0.40302677], [122587000.0, 0.02556693], [122588000.0, 0.005117], [122590000.0, 0.00081817], [122597000.0, 0.00024531], [122598000.0, 0.00373521], [122599000.0, 0.03372786]]},
{"timestamp": 1743771608354, "bids": [[122516000.0, 0.00598807], [122505000.0, 0.00924], [122501000.0, 0.2221], [122500000.0, 0.01098838], [122498000.0, 0.05864858], [122497000.0, 0.00357937], [122492000.0, 0.00936], [122483000.0, 0.35487533], [122479000.0, 0.00615612], [122468000.0, 0.45193533]], "asks": [[122578000.0, 5.026e-05], [122579000.0, 0.03327341], [122581000.0, 0.00823045], [122582000.0, 0.40302677], [122587000.0, 0.02556693], [122588000.0, 0.005117], [122590000.0, 0.00081817], [122597000.0, 0.00024531], [122598000.0, 0.00373521], [122599000.0, 0.03372786]]},
{"timestamp": 1743771608454, "bids": [[122516000.0, 0.00598807], [122505000.0, 0.00924], [122500000.0, 0.01098838], [122498000.0, 0.05864858], [122497000.0, 0.00357937], [122492000.0, 0.00936], [122483000.0, 0.35487533], [122479000.0, 0.00615612], [122468000.0, 0.45193533], [122449000.0, 0.01098838]], "asks": [[122578000.0, 5.026e-05], [122579000.0, 0.03327341], [122581000.0, 0.00823045], [122582000.0, 0.40302677], [122587000.0, 0.02556693], [122588000.0, 0.005117], [122590000.0, 0.00081817], [122597000.0, 0.00024531], [122598000.0, 0.00373521], [122599000.0, 0.03372786]]},
{"timestamp": 1743771608554, "bids": [[122516000.0, 0.00598807], [122505000.0, 0.03746867], [122500000.0, 0.01098838], [122499000.0, 0.2221], [122498000.0, 0.05864858], [122497000.0, 0.00357937], [122492000.0, 0.00936], [122483000.0, 0.35487533], [122479000.0, 0.00615612], [122468000.0, 0.36477533]], "asks": [[122579000.0, 0.01701582], [122581000.0, 0.00823045], [122582000.0, 0.40302677], [122587000.0, 0.02556693], [122588000.0, 0.005117], [122590000.0, 0.00081817], [122597000.0, 0.00024531], [122598000.0, 0.00373521], [122599000.0, 0.03372786], [122600000.0, 0.00861535]]},
{"timestamp": 1743771608654, "bids": [[122516000.0, 0.00598807], [122505000.0, 0.03746867], [122500000.0, 0.01098838], [122498000.0, 0.05864858], [122497000.0, 0.00357937], [122492000.0, 0.00936], [122483000.0, 0.44051533], [122479000.0, 0.00615612], [122468000.0, 0.36477533], [122449000.0, 0.01098838]], "asks": [[122579000.0, 0.01701582], [122581000.0, 0.00823045], [122582000.0, 0.40302677], [122587000.0, 0.02556693], [122588000.0, 0.005117], [122590000.0, 0.00081817], [122597000.0, 0.00024531], [122598000.0, 0.00373521], [122599000.0, 0.03372786], [122600000.0, 0.00861535]]},
{"timestamp": 1743771608754, "bids": [[122516000.0, 0.00598807], [122510000.0, 0.06602781], [122506000.0, 0.2216], [122505000.0, 0.03746867], [122500000.0, 0.01098838], [122498000.0, 0.05864858], [122497000.0, 0.00357937], [122492000.0, 0.00936], [122483000.0, 0.44051533], [122479000.0, 0.00615612]], "asks": [[122579000.0, 0.01701582], [122581000.0, 0.00823045], [122582000.0, 0.40302677], [122587000.0, 0.02556693], [122588000.0, 0.005117], [122590000.0, 0.00081817], [122597000.0, 0.00024531], [122598000.0, 0.00373521], [122599000.0, 0.03372786], [122600000.0, 0.00861535]]},
{"timestamp": 1743771608854, "bids": [[122516000.0, 0.00598807], [122511000.0, 0.2216], [122510000.0, 0.06602781], [122505000.0, 0.03746867], [122500000.0, 0.01098838], [122498000.0, 0.05864858], [122497000.0, 0.00357937], [122492000.0, 0.00936], [122483000.0, 0.44051533], [122479000.0, 0.00615612]], "asks": [[122579000.0, 0.01701582], [122581000.0, 0.00823045], [122582000.0, 0.40302677], [122587000.0, 0.02556693], [122588000.0, 0.005117], [122590000.0, 0.00081817], [122597000.0, 0.00024531], [122598000.0, 0.00373521], [122599000.0, 0.03372786], [122600000.0, 0.00861535]]},
{"timestamp": 1743771608954, "bids": [[122516000.0, 0.00598807], [122514000.0, 0.01068], [122511000.0, 0.2216], [122505000.0, 0.03746867], [122500000.0, 0.01098838], [122498000.0, 0.05864858], [122497000.0, 0.00357937], [122492000.0, 0.00936], [122483000.0, 0.44051533], [122479000.0, 0.00615612]], "asks": [[122579000.0, 0.01697503], [122581000.0, 0.00823045], [122582000.0, 0.40302677], [122587000.0, 0.02556693], [122588000.0, 0.005117], [122590000.0, 0.00081817], [122597000.0, 0.00024531], [122598000.0, 0.00373521], [122599000.0, 0.03372786], [122600000.0, 0.00861535]]},
{"timestamp": 1743771609054, "bids": [[122516000.0, 0.00598807], [122514000.0, 0.01068], [122506000.0, 0.2216], [122505000.0, 0.03746867], [122500000.0, 0.01098838], [122498000.0, 0.05864858], [122497000.0, 0.00357937], [122493000.0, 0.03619907], [122492000.0, 0.00936], [122483000.0, 0.44051533]], "asks": [[122579000.0, 0.01697503], [122581000.0, 0.00823045], [122582000.0, 0.40302677], [122587000.0, 0.02556693], [122588000.0, 0.005117], [122590000.0, 0.00081817], [122597000.0, 0.00024531], [122598000.0, 0.00373521], [122599000.0, 0.03372786], [122600000.0, 0.00861535]]},
{"timestamp": 1743771609354, "bids": [[122516000.0, 0.00598807], [122514000.0, 0.01068], [122506000.0, 0.2216], [122505000.0, 0.03746867], [122500000.0, 0.01098838], [122498000.0, 0.05864858], [122497000.0, 0.00357937], [122493000.0, 0.03619907], [122492000.0, 0.00936], [122483000.0, 0.44051533]], "asks": [[122579000.0, 0.01697503], [122581000.0, 0.00823045], [122582000.0, 0.40302677], [122587000.0, 0.02556693], [122588000.0, 0.005117], [122590000.0, 0.00081817], [122597000.0, 0.00024531], [122598000.0, 0.00373521], [122599000.0, 0.03372786], [122600000.0, 0.00861535]]},
{"timestamp": 1743771609454, "bids": [[122516000.0, 0.00598807], [122514000.0, 0.01068], [122506000.0, 0.2216], [122505000.0, 0.03746867], [122500000.0, 0.01098838], [122498000.0, 0.05864858], [122497000.0, 0.00357937], [122493000.0, 0.03619907], [122492000.0, 0.00936], [122483000.0, 0.44051533]], "asks": [[122579000.0, 0.01697503], [122581000.0, 0.00823045], [122582000.0, 0.40302677], [122587000.0, 0.02556693], [122588000.0, 0.005117], [122590000.0, 0.00081817], [122597000.0, 0.00024531], [122598000.0, 0.00373521], [122599000.0, 0.03372786], [122600000.0, 0.00861535]]},
{"timestamp": 1743771609554, "bids": [[122516000.0, 0.00598807], [122506000.0, 0.2216], [122505000.0, 0.03746867], [122500000.0, 0.01098838], [122498000.0, 0.05864858], [122497000.0, 0.00357937], [122495000.0, 0.00408179], [122493000.0, 0.03619907], [122492000.0, 0.00936], [122483000.0, 0.44051533]], "asks": [[122579000.0, 0.01697503], [122581000.0, 0.00823045], [122582000.0, 0.40302677], [122587000.0, 0.02556693], [122588000.0, 0.005117], [122590000.0, 0.00081817], [122597000.0, 0.00024531], [122598000.0, 0.00373521], [122599000.0, 0.03372786], [122600000.0, 0.00861535]]},
{"timestamp": 1743771609954, "bids": [[122516000.0, 0.00598807], [122505000.0, 0.03746867], [122500000.0, 0.01098838], [122498000.0, 0.05864858], [122497000.0, 0.00357937], [122495000.0, 0.00408179], [122492000.0, 0.00936], [122483000.0, 0.44051533], [122479000.0, 0.00615612], [122468000.0, 0.35487533]], "asks": [[122579000.0, 0.01697503], [122581000.0, 0.00823045], [122582000.0, 0.40302677], [122587000.0, 0.02556693], [122588000.0, 0.005117], [122590000.0, 0.00081817], [122597000.0, 0.00024531], [122598000.0, 0.00373521], [122599000.0, 0.03372786], [122600000.0, 0.00861535]]},
{"timestamp": 1743771610054, "bids": [[122516000.0, 0.00598807], [122505000.0, 0.03746867], [122500000.0, 0.01098838], [122499000.0, 0.2216], [122498000.0, 0.05864858], [122497000.0, 0.00357937], [122495000.0, 0.00408179], [122492000.0, 0.00936], [122483000.0, 0.44051533], [122479000.0, 0.00615612]], "asks": [[122579000.0, 0.01697503], [122581000.0, 0.00823045], [122582000.0, 0.40302677], [122587000.0, 0.02556693], [122588000.0, 0.005117], [122590000.0, 0.00081817], [122597000.0, 0.00024531], [122598000.0, 0.00373521], [122599000.0, 0.03372786], [122600000.0, 0.00861535]]},
{"timestamp": 1743771610154, "bids": [[122516000.0, 0.00598807], [122505000.0, 0.03746867], [122500000.0, 0.01098838], [122499000.0, 0.2216], [122498000.0, 0.05864858], [122497000.0, 0.00357937], [122495000.0, 0.00408179], [122492000.0, 0.00936], [122483000.0, 0.39107833], [122479000.0, 0.00615612]], "asks": [[122579000.0, 0.01697503], [122581000.0, 0.00823045], [122582000.0, 0.40302677], [122587000.0, 0.02556693], [122588000.0, 0.005117], [122590000.0, 0.00081817], [122597000.0, 0.00024531], [122598000.0, 0.00373521], [122599000.0, 0.03372786], [122600000.0, 0.00861535]]},
{"timestamp": 1743771610354, "bids": [[122516000.0, 0.00598807], [122506000.0, 0.2216], [122505000.0, 0.03746867], [122500000.0, 0.01098838], [122498000.0, 0.05864858], [122497000.0, 0.00357937], [122495000.0, 0.00408179], [122492000.0, 0.00936], [122483000.0, 0.39107833], [122479000.0, 0.00615612]], "asks": [[122579000.0, 0.01697503], [122581000.0, 0.00823045], [122582000.0, 0.40302677], [122587000.0, 0.02556693], [122588000.0, 0.005117], [122590000.0, 0.00081817], [122597000.0, 0.00024531], [122598000.0, 0.00373521], [122599000.0, 0.03372786], [122600000.0, 0.00861535]]},
{"timestamp": 1743771610454, "bids": [[122516000.0, 0.00598807], [122505000.0, 0.02822867], [122500000.0, 0.01098838], [122499000.0, 0.2216], [122498000.0, 0.05864858], [122497000.0, 0.00357937], [122495000.0, 0.00408179], [122492000.0, 0.00936], [122483000.0, 0.39107833], [122479000.0, 0.00615612]], "asks": [[122579000.0, 0.01697503], [122581000.0, 0.00823045], [122582000.0, 0.40302677], [122587000.0, 0.02556693], [122588000.0, 0.005117], [122590000.0, 0.00081817], [122597000.0, 0.00024531], [122598000.0, 0.00373521], [122599000.0, 0.03372786], [122600000.0, 0.00861535]]},
{"timestamp": 1743771610554, "bids": [[122516000.0, 0.00598807], [122505000.0, 0.02822867], [122500000.0, 0.01098838], [122499000.0, 0.2216], [122498000.0, 0.05864858], [122497000.0, 0.00357937], [122495000.0, 0.00408179], [122492000.0, 0.00936], [122483000.0, 0.39107833], [122479000.0, 0.00615612]], "asks": [[122579000.0, 0.01697503], [122581000.0, 0.00823045], [122582000.0, 0.40302677], [122587000.0, 0.02556693], [122588000.0, 0.005117], [122590000.0, 0.00081817], [122597000.0, 0.00024531], [122598000.0, 0.00373521], [122599000.0, 0.03372786], [122600000.0, 0.00861535]]},
{"timestamp": 1743771610654, "bids": [[122516000.0, 0.00598807], [122505000.0, 0.02822867], [122500000.0, 0.01098838], [122498000.0, 0.05864858], [122497000.0, 0.00357937], [122495000.0, 0.00408179], [122492000.0, 0.00936], [122483000.0, 0.39107833], [122479000.0, 0.00615612], [122468000.0, 0.44130533]], "asks": [[122579000.0, 0.01697503], [122581000.0, 0.00823045], [122582000.0, 0.40302677], [122587000.0, 0.02556693], [122588000.0, 0.005117], [122590000.0, 0.00081817], [122597000.0, 0.00024531], [122598000.0, 0.00373521], [122599000.0, 0.03372786], [122600000.0, 0.00861535]]},
{"timestamp": 1743771610754, "bids": [[122516000.0, 0.00598807], [122505000.0, 0.02822867], [122500000.0, 0.01098838], [122498000.0, 0.05864858], [122497000.0, 0.00357937], [122495000.0, 0.00408179], [122492000.0, 0.00936], [122484000.0, 0.2216], [122483000.0, 0.39107833], [122479000.0, 0.00615612]], "asks": [[122579000.0, 0.01697503], [122581000.0, 0.00823045], [122582000.0, 0.40302677], [122587000.0, 0.02556693], [122588000.0, 0.005117], [122590000.0, 0.00081817], [122597000.0, 0.00024531], [122598000.0, 0.00373521], [122599000.0, 0.03372786], [122600000.0, 0.00861535]]},
{"timestamp": 1743771611054, "bids": [[122516000.0, 0.00598807], [122505000.0, 0.02822867], [122500000.0, 0.01098838], [122498000.0, 0.05864858], [122497000.0, 0.00357937], [122495000.0, 0.00408179], [122492000.0, 0.00936], [122484000.0, 0.2216], [122483000.0, 0.35487533], [122479000.0, 0.00615612]], "asks": [[122579000.0, 0.01697503], [122581000.0, 0.00823045], [122582000.0, 0.40302677], [122587000.0, 0.02556693], [122588000.0, 0.005117], [122590000.0, 0.00081817], [122597000.0, 0.00024531], [122598000.0, 0.00373521], [122599000.0, 0.03372786], [122600000.0, 0.00861535]]},
{"timestamp": 1743771611154, "bids": [[122516000.0, 0.00598807], [122505000.0, 0.02822867], [122500000.0, 0.01098838], [122498000.0, 0.05864858], [122497000.0, 0.00357937], [122495000.0, 0.00408179], [122492000.0, 0.00936], [122484000.0, 0.2216], [122483000.0, 0.35487533], [122479000.0, 0.00615612]], "asks": [[122579000.0, 0.01697503], [122581000.0, 0.00823045], [122582000.0, 0.40302677], [122587000.0, 0.02556693], [122588000.0, 0.005117], [122590000.0, 0.00081817], [122597000.0, 0.00024531], [122598000.0, 0.00373521], [122599000.0, 0.03372786], [122600000.0, 0.00861535]]},
{"timestamp": 1743771611254, "bids": [[122516000.0, 0.00598807], [122505000.0, 0.02822867], [122500000.0, 0.01098838], [122498000.0, 0.05864858], [122497000.0, 0.00357937], [122495000.0, 0.00408179], [122492000.0, 0.00936], [122484000.0, 0.2216], [122483000.0, 0.35487533], [122479000.0, 0.00615612]], "asks": [[122579000.0, 0.01697503], [122581000.0, 0.00823045], [122582000.0, 0.40302677], [122587000.0, 0.02556693], [122588000.0, 0.005117], [122590000.0, 0.00081817], [122597000.0, 0.00024531], [122598000.0, 0.00373521], [122599000.0, 0.03372786], [122600000.0, 0.00861535]]},
{"timestamp": 1743771611354, "bids": [[122516000.0, 0.00598807], [122505000.0, 0.02822867], [122500000.0, 0.01098838], [122499000.0, 0.2216], [122498000.0, 0.05864858], [122497000.0, 0.00357937], [122495000.0, 0.00408179], [122492000.0, 0.00936], [122483000.0, 0.35487533], [122479000.0, 0.00615612]], "asks": [[122579000.0, 0.01697503], [122581000.0, 0.00823045], [122582000.0, 0.40302677], [122587000.0, 0.02556693], [122588000.0, 0.005117], [122590000.0, 0.00081817], [122597000.0, 0.00024531], [122598000.0, 0.00373521], [122599000.0, 0.03372786], [122600000.0, 0.00861535]]},
{"timestamp": 1743771611454, "bids": [[122516000.0, 0.00598807], [122510000.0, 0.06602781], [122505000.0, 0.02822867], [122503000.0, 0.01068], [122500000.0, 0.01098838], [122498000.0, 0.05864858], [122497000.0, 0.00357937], [122495000.0, 0.00408179], [122492000.0, 0.00936], [122483000.0, 0.35487533]], "asks": [[122579000.0, 0.01697503], [122581000.0, 0.00823045], [122582000.0, 0.40302677], [122587000.0, 0.02556693], [122588000.0, 0.005117], [122590000.0, 0.00081817], [122597000.0, 0.00024531], [122598000.0, 0.00373521], [122599000.0, 0.03372786], [122600000.0, 0.00861535]]},
{"timestamp": 1743771611554, "bids": [[122516000.0, 0.00598807], [122510000.0, 0.06602781], [122506000.0, 0.2216], [122505000.0, 0.02822867], [122503000.0, 0.01068], [122500000.0, 0.01098838], [122498000.0, 0.05864858], [122497000.0, 0.00357937], [122495000.0, 0.00408179], [122492000.0, 0.00936]], "asks": [[122579000.0, 0.01697503], [122581000.0, 0.00823045], [122582000.0, 0.40302677], [122587000.0, 0.02556693], [122588000.0, 0.005117], [122590000.0, 0.00081817], [122597000.0, 0.00024531], [122598000.0, 0.00373521], [122599000.0, 0.03372786], [122600000.0, 0.00861535]]},
{"timestamp": 1743771611654, "bids": [[122516000.0, 0.00598807], [122510000.0, 0.06602781], [122506000.0, 0.2216], [122505000.0, 0.02822867], [122503000.0, 0.01068], [122500000.0, 0.01098838], [122498000.0, 0.05864858], [122497000.0, 0.00357937], [122495000.0, 0.00408179], [122492000.0, 0.00936]], "asks": [[122579000.0, 0.01697503], [122581000.0, 0.00823045], [122582000.0, 0.40302677], [122587000.0, 0.02556693], [122588000.0, 0.005117], [122590000.0, 0.00081817], [122597000.0, 0.00024531], [122598000.0, 0.00373521], [122599000.0, 0.03372786], [122600000.0, 0.00861535]]},
{"timestamp": 1743771611754, "bids": [[122516000.0, 0.00598807], [122511000.0, 0.23138], [122510000.0, 0.06602781], [122505000.0, 0.02822867], [122503000.0, 0.01068], [122500000.0, 0.01098838], [122498000.0, 0.05864858], [122497000.0, 0.00357937], [122495000.0, 0.00408179], [122492000.0, 0.00936]], "asks": [[122579000.0, 0.01697503], [122581000.0, 0.00823045], [122582000.0, 0.40302677], [122587000.0, 0.02556693], [122588000.0, 0.005117], [122590000.0, 0.00081817], [122597000.0, 0.00024531], [122598000.0, 0.00373521], [122599000.0, 0.03372786], [122600000.0, 0.00861535]]},
{"timestamp": 1743771611854, "bids": [[122517000.0, 0.35487533], [122516000.0, 0.00598807], [122511000.0, 0.23138], [122505000.0, 0.02822867], [122503000.0, 0.01068], [122500000.0, 0.01098838], [122498000.0, 0.05864858], [122497000.0, 0.00357937], [122495000.0, 0.00408179], [122492000.0, 0.00936]], "asks": [[122579000.0, 0.00493153], [122581000.0, 0.00823045], [122582000.0, 0.40302677], [122587000.0, 0.02556693], [122588000.0, 0.005117], [122590000.0, 0.00081817], [122597000.0, 0.00024531], [122598000.0, 0.00373521], [122599000.0, 0.03372786], [122600000.0, 0.00861535]]},
{"timestamp": 1743771611954, "bids": [[122518000.0, 0.2209], [122517000.0, 0.35487533], [122516000.0, 0.00081621], [122511000.0, 0.00978], [122505000.0, 0.02822867], [122503000.0, 0.01068], [122500000.0, 0.01098838], [122498000.0, 0.05864858], [122497000.0, 0.00357937], [122495000.0, 0.00408179]], "asks": [[122579000.0, 0.00493153], [122581000.0, 0.00823045], [122582000.0, 0.40302677], [122587000.0, 0.02556693], [122588000.0, 0.005117], [122590000.0, 0.00081817], [122597000.0, 0.00024531], [122598000.0, 0.00373521], [122599000.0, 0.03372786], [122600000.0, 0.00861535]]},
{"timestamp": 1743771612054, "bids": [[122518000.0, 0.22607186], [122517000.0, 0.35487533], [122516000.0, 0.00081621], [122511000.0, 0.00978], [122505000.0, 0.02822867], [122503000.0, 0.01068], [122500000.0, 0.01098838], [122498000.0, 0.05864858], [122497000.0, 0.07516937], [122495000.0, 0.00408179]], "asks": [[122579000.0, 0.00493153], [122581000.0, 0.00823045], [122582000.0, 0.40302677], [122587000.0, 0.02556693], [122588000.0, 0.005117], [122590000.0, 0.00081817], [122597000.0, 0.00024531], [122598000.0, 0.00373521], [122599000.0, 0.03372786], [122600000.0, 0.00861535]]},
{"timestamp": 1743771612154, "bids": [[122518000.0, 0.22607186], [122517000.0, 0.35487533], [122516000.0, 0.00081621], [122511000.0, 0.00978], [122505000.0, 0.02822867], [122503000.0, 0.01068], [122500000.0, 0.01098838], [122498000.0, 0.05864858], [122497000.0, 0.07516937], [122495000.0, 0.00408179]], "asks": [[122579000.0, 0.00493153], [122581000.0, 0.00823045], [122582000.0, 0.40302677], [122587000.0, 0.02556693], [122588000.0, 0.005117], [122590000.0, 0.00081817], [122597000.0, 0.00024531], [122598000.0, 0.00373521], [122599000.0, 0.03372786], [122600000.0, 0.00861535]]},
{"timestamp": 1743771612254, "bids": [[122518000.0, 0.22607186], [122517000.0, 0.35487533], [122516000.0, 0.00865001], [122511000.0, 0.00978], [122505000.0, 0.02822867], [122503000.0, 0.01068], [122498000.0, 0.05864858], [122497000.0, 0.07516937], [122495000.0, 0.00408179], [122492000.0, 0.00936]], "asks": [[122579000.0, 0.00493153], [122581000.0, 0.00823045], [122582000.0, 0.40302677], [122587000.0, 0.02556693], [122588000.0, 0.005117], [122590000.0, 0.00081817], [122597000.0, 0.00024531], [122598000.0, 0.00373521], [122599000.0, 0.03372786], [122600000.0, 0.00861535]]},
{"timestamp": 1743771612354, "bids": [[122546000.0, 0.0107458], [122518000.0, 0.22607186], [122517000.0, 0.35487533], [122516000.0, 0.00865001], [122511000.0, 0.00978], [122505000.0, 0.02822867], [122503000.0, 0.01068], [122498000.0, 0.05864858], [122497000.0, 0.07516937], [122495000.0, 0.00408179]], "asks": [[122579000.0, 0.00493153], [122581000.0, 0.00823045], [122582000.0, 0.40302677], [122587000.0, 0.02556693], [122588000.0, 0.005117], [122590000.0, 0.00081817], [122597000.0, 0.00024531], [122598000.0, 0.00373521], [122599000.0, 0.03372786], [122600000.0, 0.00861535]]},
{"timestamp": 1743771612454, "bids": [[122546000.0, 0.0107458], [122528000.0, 0.00924], [122525000.0, 0.06602781], [122518000.0, 0.2209], [122517000.0, 0.35487533], [122516000.0, 0.00865001], [122511000.0, 0.00978], [122506000.0, 0.08506], [122505000.0, 0.02822867], [122503000.0, 0.01068]], "asks": [[122579000.0, 0.00493153], [122581000.0, 0.00823045], [122582000.0, 0.40302677], [122587000.0, 0.02556693], [122588000.0, 0.005117], [122590000.0, 0.00081817], [122597000.0, 0.00024531], [122598000.0, 0.00373521], [122599000.0, 0.03372786], [122600000.0, 0.00861535]]},
{"timestamp": 1743771612554, "bids": [[122546000.0, 0.0107458], [122528000.0, 0.00924], [122526000.0, 0.2209], [122525000.0, 0.06602781], [122517000.0, 0.35487533], [122516000.0, 0.00865001], [122511000.0, 0.00978], [122506000.0, 0.08506], [122505000.0, 0.02822867], [122503000.0, 0.01068]], "asks": [[122581000.0, 0.00823045], [122582000.0, 0.40302677], [122587000.0, 0.02556693], [122588000.0, 0.005117], [122590000.0, 0.00081817], [122597000.0, 0.00024531], [122598000.0, 0.00373521], [122599000.0, 0.03372786], [122600000.0, 0.00861535], [122601000.0, 8.173e-05]]},
{"timestamp": 1743771612654, "bids": [[122546000.0, 0.01591766], [122538000.0, 0.06602781], [122528000.0, 0.00924], [122526000.0, 0.2209], [122517000.0, 0.35487533], [122516000.0, 0.00865001], [122511000.0, 0.00978], [122506000.0, 0.08506], [122505000.0, 0.02822867], [122503000.0, 0.01068]], "asks": [[122581000.0, 0.00823045], [122582000.0, 0.40302677], [122587000.0, 0.02556693], [122588000.0, 0.005117], [122590000.0, 0.00081817], [122597000.0, 0.00024531], [122598000.0, 0.00373521], [122599000.0, 0.03372786], [122600000.0, 0.00861535], [122601000.0, 8.173e-05]]},
{"timestamp": 1743771612754, "bids": [[122546000.0, 0.01591766], [122538000.0, 0.06602781], [122528000.0, 0.00924], [122518000.0, 0.2209], [122517000.0, 0.35487533], [122516000.0, 0.00865001], [122511000.0, 0.00978], [122506000.0, 0.08506], [122505000.0, 0.02822867], [122503000.0, 0.01068]], "asks": [[122579000.0, 0.01061948], [122581000.0, 0.00823045], [122582000.0, 0.40302677], [122587000.0, 0.02556693], [122588000.0, 0.005117], [122590000.0, 0.00081817], [122597000.0, 0.00024531], [122598000.0, 0.00373521], [122599000.0, 0.03372786], [122600000.0, 0.00861535]]},
{"timestamp": 1743771612854, "bids": [[122546000.0, 0.01591766], [122538000.0, 0.06602781], [122528000.0, 0.00924], [122525000.0, 0.06602781], [122518000.0, 0.2209], [122517000.0, 0.35487533], [122516000.0, 0.00865001], [122511000.0, 0.00978], [122506000.0, 0.08506], [122505000.0, 0.02822867]], "asks": [[122579000.0, 0.01061948], [122581000.0, 0.00823045], [122582000.0, 0.40302677], [122587000.0, 0.02556693], [122588000.0, 0.005117], [122590000.0, 0.00081817], [122597000.0, 0.00024531], [122598000.0, 0.00373521], [122599000.0, 0.03372786], [122600000.0, 0.00861535]]},
{"timestamp": 1743771612954, "bids": [[122546000.0, 0.01591766], [122538000.0, 0.06602781], [122528000.0, 0.00924], [122526000.0, 0.2209], [122525000.0, 0.06602781], [122517000.0, 0.35487533], [122516000.0, 0.00865001], [122511000.0, 0.00978], [122510000.0, 0.00615456], [122506000.0, 0.08506]], "asks": [[122581000.0, 0.00823045], [122582000.0, 0.40302677], [122587000.0, 0.02556693], [122588000.0, 0.005117], [122590000.0, 0.00081817], [122597000.0, 0.00024531], [122598000.0, 0.00373521], [122599000.0, 0.03372786], [122600000.0, 0.00861535], [122601000.0, 8.173e-05]]},
{"timestamp": 1743771613054, "bids": [[122546000.0, 0.01591766], [122538000.0, 0.06602781], [122528000.0, 0.00924], [122526000.0, 0.2209], [122517000.0, 0.35487533], [122516000.0, 0.00865001], [122512000.0, 0.08624], [122511000.0, 0.00978], [122510000.0, 0.00615456], [122505000.0, 0.02822867]], "asks": [[122581000.0, 0.00823045], [122582000.0, 0.40302677], [122587000.0, 0.02556693], [122588000.0, 0.005117], [122590000.0, 0.00081817], [122597000.0, 0.00024531], [122598000.0, 0.00373521], [122599000.0, 0.03372786], [122600000.0, 0.00861535], [122601000.0, 8.173e-05]]},
{"timestamp": 1743771613154, "bids": [[122546000.0, 0.01591766], [122538000.0, 0.06602781], [122528000.0, 0.00924], [122518000.0, 0.2201], [122517000.0, 0.35487533], [122516000.0, 0.00865001], [122512000.0, 0.08624], [122511000.0, 0.00978], [122510000.0, 0.00615456], [122505000.0, 0.02822867]], "asks": [[122582000.0, 0.40302677], [122587000.0, 0.02556693], [122588000.0, 0.005117], [122590000.0, 0.00081817], [122597000.0, 0.00024531], [122598000.0, 0.00373521], [122599000.0, 0.03372786], [122600000.0, 0.00861535], [122601000.0, 8.173e-05], [122605000.0, 0.00012271]]},
{"timestamp": 1743771613254, "bids": [[122546000.0, 0.01591766], [122538000.0, 0.06602781], [122528000.0, 0.00924], [122527000.0, 0.06602781], [122518000.0, 0.2201], [122517000.0, 0.35487533], [122516000.0, 0.00865001], [122512000.0, 0.08624], [122511000.0, 0.00978], [122510000.0, 0.00615456]], "asks": [[122582000.0, 0.40302677], [122587000.0, 0.02556693], [122588000.0, 0.005117], [122590000.0, 0.00081817], [122597000.0, 0.00024531], [122598000.0, 0.00373521], [122599000.0, 0.03372786], [122600000.0, 0.00861535], [122601000.0, 8.173e-05], [122605000.0, 0.00012271]]},
{"timestamp": 1743771613354, "bids": [[122546000.0, 0.01591766], [122538000.0, 0.06602781], [122528000.0, 0.22854], [122527000.0, 0.06602781], [122517000.0, 0.35487533], [122516000.0, 0.00865001], [122512000.0, 0.08624], [122511000.0, 0.00978], [122510000.0, 0.00615456], [122505000.0, 0.02822867]], "asks": [[122582000.0, 0.40302677], [122587000.0, 0.02556693], [122588000.0, 0.005117], [122590000.0, 0.00081817], [122597000.0, 0.00024531], [122598000.0, 0.00373521], [122599000.0, 0.03372786], [122600000.0, 0.00861535], [122601000.0, 8.173e-05], [122605000.0, 0.00012271]]},
{"timestamp": 1743771613454, "bids": [[122546000.0, 0.01591766], [122538000.0, 0.06602781], [122528000.0, 0.00924], [122517000.0, 0.35487533], [122516000.0, 0.00865001], [122512000.0, 0.08624], [122511000.0, 0.00978], [122510000.0, 0.00615456], [122505000.0, 0.02822867], [122503000.0, 0.01068]], "asks": [[122582000.0, 0.40302677], [122587000.0, 0.02556693], [122588000.0, 0.005117], [122590000.0, 0.00081817], [122597000.0, 0.00024531], [122598000.0, 0.00373521], [122599000.0, 0.03372786], [122600000.0, 0.00861535], [122601000.0, 8.173e-05], [122605000.0, 0.00012271]]},
{"timestamp": 1743771613554, "bids": [[122546000.0, 0.01591766], [122538000.0, 0.06602781], [122528000.0, 0.00924], [122518000.0, 0.2193], [122517000.0, 0.35487533], [122516000.0, 0.00865001], [122512000.0, 0.08624], [122511000.0, 0.00978], [122510000.0, 0.00615456], [122505000.0, 0.02822867]], "asks": [[122582000.0, 0.40302677], [122587000.0, 0.02556693], [122588000.0, 0.005117], [122590000.0, 0.00081817], [122597000.0, 0.00024531], [122598000.0, 0.00373521], [122599000.0, 0.03372786], [122600000.0, 0.00861535], [122601000.0, 8.173e-05], [122605000.0, 0.00012271]]},
{"timestamp": 1743771613654, "bids": [[122546000.0, 0.01591766], [122538000.0, 0.06602781], [122528000.0, 0.00924], [122527000.0, 0.06602781], [122518000.0, 0.2193], [122517000.0, 0.35487533], [122516000.0, 0.00865001], [122512000.0, 0.08624], [122511000.0, 0.00978], [122510000.0, 0.00615456]], "asks": [[122582000.0, 0.40302677], [122587000.0, 0.02556693], [122588000.0, 0.005117], [122590000.0, 0.00081817], [122597000.0, 0.00024531], [122598000.0, 0.00373521], [122599000.0, 0.03372786], [122600000.0, 0.00861535], [122601000.0, 8.173e-05], [122605000.0, 0.00012271]]},
{"timestamp": 1743771613954, "bids": [[122546000.0, 0.01591766], [122538000.0, 0.06602781], [122528000.0, 0.00924], [122527000.0, 0.06602781], [122517000.0, 0.35487533], [122516000.0, 0.00865001], [122512000.0, 0.08624], [122511000.0, 0.00978], [122510000.0, 0.00615456], [122505000.0, 0.02822867]], "asks": [[122582000.0, 0.40302677], [122587000.0, 0.02556693], [122588000.0, 0.005117], [122590000.0, 0.00081817], [122597000.0, 0.00024531], [122598000.0, 0.00373521], [122599000.0, 0.03372786], [122600000.0, 0.00861535], [122601000.0, 8.173e-05], [122605000.0, 0.00012271]]},
{"timestamp": 1743771614054, "bids": [[122546000.0, 0.01591766], [122538000.0, 0.06602781], [122528000.0, 0.22854], [122527000.0, 0.06602781], [122517000.0, 0.35487533], [122516000.0, 0.00865001], [122512000.0, 0.08624], [122511000.0, 0.00978], [122510000.0, 0.00615456], [122505000.0, 0.02822867]], "asks": [[122582000.0, 0.40302677], [122587000.0, 0.02556693], [122588000.0, 0.005117], [122590000.0, 0.00081817], [122597000.0, 0.00024531], [122598000.0, 0.00373521], [122599000.0, 0.03372786], [122600000.0, 0.00861535], [122601000.0, 8.173e-05], [122605000.0, 0.00012271]]},
{"timestamp": 1743771614154, "bids": [[122546000.0, 0.01591766], [122538000.0, 0.06602781], [122528000.0, 0.22854], [122517000.0, 0.35487533], [122516000.0, 0.00865001], [122512000.0, 0.08624], [122511000.0, 0.00978], [122510000.0, 0.00615456], [122505000.0, 0.02822867], [122503000.0, 0.01068]], "asks": [[122582000.0, 0.40302677], [122587000.0, 0.02556693], [122588000.0, 0.005117], [122590000.0, 0.00081817], [122597000.0, 0.00024531], [122598000.0, 0.00373521], [122599000.0, 0.03372786], [122600000.0, 0.00861535], [122601000.0, 8.173e-05], [122605000.0, 0.00012271]]},
{"timestamp": 1743771614254, "bids": [[122546000.0, 0.01591766], [122539000.0, 0.06602781], [122538000.0, 0.06602781], [122528000.0, 0.00924], [122518000.0, 0.2193], [122517000.0, 0.35487533], [122516000.0, 0.00865001], [122512000.0, 0.08624], [122511000.0, 0.00978], [122510000.0, 0.00615456]], "asks": [[122582000.0, 0.39487677], [122587000.0, 0.02556693], [122588000.0, 0.005117], [122590000.0, 0.00081817], [122597000.0, 0.00024531], [122598000.0, 0.00373521], [122599000.0, 0.03372786], [122600000.0, 0.00861535], [122601000.0, 8.173e-05], [122605000.0, 0.00012271]]},
{"timestamp": 1743771614354, "bids": [[122546000.0, 0.02942822], [122539000.0, 0.28532781], [122538000.0, 0.06602781], [122528000.0, 0.00924], [122517000.0, 0.35487533], [122516000.0, 0.00865001], [122512000.0, 0.08624], [122511000.0, 0.00978], [122510000.0, 0.00615456], [122505000.0, 0.02822867]], "asks": [[122582000.0, 0.39487677], [122587000.0, 0.02556693], [122588000.0, 0.005117], [122590000.0, 0.00081817], [122597000.0, 0.00024531], [122598000.0, 0.00373521], [122599000.0, 0.03372786], [122600000.0, 0.00861535], [122601000.0, 8.173e-05], [122605000.0, 0.00012271]]},
{"timestamp": 1743771614454, "bids": [[122546000.0, 0.02942822], [122540000.0, 0.2185], [122537000.0, 0.00984], [122536000.0, 0.03619042], [122528000.0, 0.00924], [122517000.0, 0.35487533], [122516000.0, 0.00865001], [122512000.0, 0.08624], [122511000.0, 0.00978], [122510000.0, 0.00615456]], "asks": [[122587000.0, 0.02556693], [122588000.0, 0.005117], [122590000.0, 0.00081817], [122597000.0, 0.00024531], [122598000.0, 0.00373521], [122599000.0, 0.03372786], [122600000.0, 0.00861535], [122601000.0, 8.173e-05], [122605000.0, 0.00012271], [122608000.0, 5.791e-05]]},
{"timestamp": 1743771614554, "bids": [[122546000.0, 0.02942822], [122541000.0, 0.06602781], [122540000.0, 0.2185], [122537000.0, 0.00984], [122536000.0, 0.03619042], [122528000.0, 0.00924], [122517000.0, 0.35487533], [122516000.0, 0.00865001], [122512000.0, 0.08624], [122511000.0, 0.00978]], "asks": [[122587000.0, 0.02556693], [122588000.0, 0.005117], [122590000.0, 0.00081817], [122597000.0, 0.00024531], [122598000.0, 0.00373521], [122599000.0, 0.03372786], [122600000.0, 0.00861535], [122601000.0, 8.173e-05], [122605000.0, 0.00012271], [122608000.0, 5.791e-05]]},
{"timestamp": 1743771614654, "bids": [[122547000.0, 0.2207], [122546000.0, 0.02942822], [122541000.0, 0.06602781], [122537000.0, 0.00984], [122536000.0, 0.03619042], [122528000.0, 0.00924], [122517000.0, 0.35487533], [122516000.0, 0.00865001], [122512000.0, 0.08624], [122511000.0, 0.00978]], "asks": [[122587000.0, 0.02556693], [122588000.0, 0.005117], [122590000.0, 0.00081817], [122597000.0, 0.00024531], [122598000.0, 0.00373521], [122599000.0, 0.03372786], [122600000.0, 0.00861535], [122601000.0, 8.173e-05], [122605000.0, 0.00012271], [122608000.0, 5.791e-05]]},
{"timestamp": 1743771614754, "bids": [[122547000.0, 0.2207], [122546000.0, 0.02425636], [122537000.0, 0.00984], [122536000.0, 0.03619042], [122528000.0, 0.00924], [122517000.0, 0.35487533], [122516000.0, 0.00865001], [122512000.0, 0.08624], [122511000.0, 0.00978], [122510000.0, 0.00615456]], "asks": [[122587000.0, 0.02556693], [122588000.0, 0.005117], [122590000.0, 0.00081817], [122597000.0, 0.00024531], [122598000.0, 0.00373521], [122599000.0, 0.03372786], [122600000.0, 0.00861535], [122601000.0, 8.173e-05], [122605000.0, 0.00012271], [122608000.0, 5.791e-05]]},
{"timestamp": 1743771614854, "bids": [[122547000.0, 0.00517186], [122546000.0, 0.02425636], [122537000.0, 0.00984], [122536000.0, 0.03619042], [122528000.0, 0.00924], [122517000.0, 0.35487533], [122516000.0, 0.00865001], [122512000.0, 0.08624], [122511000.0, 0.00978], [122510000.0, 0.00615456]], "asks": [[122587000.0, 0.02556693], [122588000.0, 0.005117], [122590000.0, 0.00081817], [122597000.0, 0.00024531], [122598000.0, 0.00373521], [122599000.0, 0.03372786], [122600000.0, 0.00861535], [122601000.0, 8.173e-05], [122605000.0, 0.00012271], [122608000.0, 5.791e-05]]},
{"timestamp": 1743771614954, "bids": [[122547000.0, 0.00517186], [122546000.0, 0.02425636], [122542000.0, 0.06602781], [122537000.0, 0.00984], [122536000.0, 0.03619042], [122528000.0, 0.00924], [122518000.0, 0.2207], [122517000.0, 0.35487533], [122516000.0, 0.00865001], [122512000.0, 0.08624]], "asks": [[122587000.0, 0.02556693], [122588000.0, 0.005117], [122590000.0, 0.00081817], [122597000.0, 0.00024531], [122598000.0, 0.00373521], [122599000.0, 0.03372786], [122600000.0, 0.00861535], [122601000.0, 8.173e-05], [122605000.0, 0.00012271], [122608000.0, 5.791e-05]]},
{"timestamp": 1743771615154, "bids": [[122547000.0, 0.00517186], [122546000.0, 0.02425636], [122542000.0, 0.06602781], [122537000.0, 0.23054], [122536000.0, 0.03619042], [122528000.0, 0.00924], [122517000.0, 0.35487533], [122516000.0, 0.00865001], [122511000.0, 0.00978], [122510000.0, 0.00615456]], "asks": [[122587000.0, 0.02556693], [122588000.0, 0.005117], [122590000.0, 0.00081817], [122597000.0, 0.00024531], [122598000.0, 0.00373521], [122599000.0, 0.03372786], [122600000.0, 0.00861535], [122601000.0, 8.173e-05], [122605000.0, 0.00012271], [122608000.0, 5.791e-05]]},
{"timestamp": 1743771615354, "bids": [[122547000.0, 0.00517186], [122546000.0, 0.02425636], [122542000.0, 0.06602781], [122537000.0, 0.00984], [122536000.0, 0.03619042], [122528000.0, 0.00924], [122518000.0, 0.2207], [122517000.0, 0.35487533], [122516000.0, 0.00865001], [122511000.0, 0.00978]], "asks": [[122587000.0, 0.02556693], [122588000.0, 0.005117], [122590000.0, 0.00081817], [122597000.0, 0.00024531], [122598000.0, 0.00373521], [122599000.0, 0.03372786], [122600000.0, 0.00861535], [122601000.0, 8.173e-05], [122605000.0, 0.00012271], [122608000.0, 5.791e-05]]},
{"timestamp": 1743771615454, "bids": [[122547000.0, 0.00517186], [122546000.0, 0.02425636], [122542000.0, 0.06602781], [122537000.0, 0.00984], [122528000.0, 0.00924], [122518000.0, 0.2207], [122517000.0, 0.35487533], [122516000.0, 0.00865001], [122511000.0, 0.00978], [122510000.0, 0.00615456]], "asks": [[122587000.0, 0.00704794], [122588000.0, 0.005117], [122590000.0, 0.00081817], [122597000.0, 0.00024531], [122598000.0, 0.00373521], [122599000.0, 0.03372786], [122600000.0, 0.00861535], [122601000.0, 8.173e-05], [122605000.0, 0.00012271], [122608000.0, 5.791e-05]]},
{"timestamp": 1743771615554, "bids": [[122547000.0, 0.00517186], [122546000.0, 0.02425636], [122542000.0, 0.06602781], [122537000.0, 0.00984], [122530000.0, 0.06602781], [122529000.0, 0.00704794], [122528000.0, 0.00924], [122518000.0, 0.2207], [122517000.0, 0.35487533], [122516000.0, 0.00865001]], "asks": [[122587000.0, 0.00704794], [122588000.0, 0.005117], [122590000.0, 0.00081817], [122597000.0, 0.00024531], [122598000.0, 0.00373521], [122599000.0, 0.03372786], [122600000.0, 0.00861535], [122601000.0, 8.173e-05], [122605000.0, 0.00012271], [122608000.0, 5.791e-05]]},
{"timestamp": 1743771615654, "bids": [[122547000.0, 0.00517186], [122546000.0, 0.02425636], [122542000.0, 0.06602781], [122537000.0, 0.00984], [122531000.0, 0.2202], [122530000.0, 0.06602781], [122529000.0, 0.00704794], [122528000.0, 0.00924], [122517000.0, 0.35487533], [122516000.0, 0.00865001]], "asks": [[122587000.0, 0.00704794], [122588000.0, 0.005117], [122590000.0, 0.00081817], [122597000.0, 0.00024531], [122598000.0, 0.00373521], [122599000.0, 0.03372786], [122600000.0, 0.00861535], [122601000.0, 8.173e-05], [122605000.0, 0.00012271], [122608000.0, 5.791e-05]]},
{"timestamp": 1743771615754, "bids": [[122547000.0, 0.00517186], [122546000.0, 0.02425636], [122542000.0, 0.06602781], [122537000.0, 0.00984], [122531000.0, 0.2202], [122529000.0, 0.00704794], [122528000.0, 0.00924], [122517000.0, 0.35487533], [122516000.0, 0.00865001], [122511000.0, 0.00978]], "asks": [[122587000.0, 0.00014794], [122588000.0, 0.005117], [122590000.0, 0.00081817], [122597000.0, 0.00024531], [122598000.0, 0.00373521], [122599000.0, 0.03372786], [122600000.0, 0.00861535], [122601000.0, 8.173e-05], [122605000.0, 0.00012271], [122608000.0, 5.791e-05]]},
{"timestamp": 1743771615854, "bids": [[122547000.0, 0.00517186], [122546000.0, 0.02425636], [122542000.0, 0.06602781], [122537000.0, 0.00984], [122529000.0, 0.00704794], [122528000.0, 0.00924], [122518000.0, 0.2194], [122517000.0, 0.35487533], [122516000.0, 0.00865001], [122511000.0, 0.00978]], "asks": [[122587000.0, 0.00014794], [122588000.0, 0.005117], [122590000.0, 0.00081817], [122597000.0, 0.00024531], [122598000.0, 0.00373521], [122599000.0, 0.03372786], [122600000.0, 0.00861535], [122601000.0, 8.173e-05], [122605000.0, 0.00012271], [122608000.0, 5.791e-05]]},
{"timestamp": 1743771615954, "bids": [[122547000.0, 0.00517186], [122546000.0, 0.02425636], [122542000.0, 0.06602781], [122537000.0, 0.00984], [122530000.0, 0.06602781], [122529000.0, 0.00704794], [122528000.0, 0.00924], [122518000.0, 0.2194], [122517000.0, 0.35487533], [122516000.0, 0.00865001]], "asks": [[122587000.0, 0.00014794], [122588000.0, 0.005117], [122590000.0, 0.00081817], [122597000.0, 0.00024531], [122598000.0, 0.00373521], [122599000.0, 0.03372786], [122600000.0, 0.00861535], [122601000.0, 8.173e-05], [122605000.0, 0.00012271], [122608000.0, 5.791e-05]]},
{"timestamp": 1743771616054, "bids": [[122547000.0, 0.00517186], [122546000.0, 0.02425636], [122542000.0, 0.06602781], [122537000.0, 0.00984], [122531000.0, 0.2194], [122530000.0, 0.06602781], [122529000.0, 0.00704794], [122528000.0, 0.00924], [122517000.0, 0.35487533], [122516000.0, 0.00865001]], "asks": [[122587000.0, 0.00014794], [122588000.0, 0.005117], [122590000.0, 0.00081817], [122597000.0, 0.00024531], [122598000.0, 0.00373521], [122599000.0, 0.03372786], [122600000.0, 0.00861535], [122601000.0, 8.173e-05], [122605000.0, 0.00012271], [122608000.0, 5.791e-05]]},
{"timestamp": 1743771616154, "bids": [[122547000.0, 0.00517186], [122546000.0, 0.02425636], [122542000.0, 0.06602781], [122537000.0, 0.00984], [122529000.0, 0.00704794], [122528000.0, 0.00924], [122517000.0, 0.35487533], [122516000.0, 0.00865001], [122511000.0, 0.00978], [122510000.0, 0.09349456]], "asks": [[122587000.0, 0.00014794], [122588000.0, 0.005117], [122590000.0, 0.00081817], [122597000.0, 0.00024531], [122598000.0, 0.00373521], [122599000.0, 0.03372786], [122600000.0, 0.00861535], [122601000.0, 8.173e-05], [122605000.0, 0.00012271], [122608000.0, 5.791e-05]]},
{"timestamp": 1743771616254, "bids": [[122547000.0, 0.00517186], [122546000.0, 0.02425636], [122542000.0, 0.06602781], [122537000.0, 0.00984], [122529000.0, 0.00704794], [122528000.0, 0.00924], [122518000.0, 0.2194], [122517000.0, 0.35487533], [122516000.0, 0.00865001], [122511000.0, 0.00978]], "asks": [[122587000.0, 0.00014794], [122588000.0, 0.005117], [122590000.0, 0.00081817], [122597000.0, 0.00024531], [122598000.0, 0.00373521], [122599000.0, 0.03372786], [122600000.0, 0.00861535], [122601000.0, 8.173e-05], [122605000.0, 0.00012271], [122608000.0, 5.791e-05]]},
{"timestamp": 1743771616354, "bids": [[122547000.0, 0.00517186], [122546000.0, 0.02425636], [122542000.0, 0.06602781], [122537000.0, 0.00984], [122530000.0, 0.06602781], [122529000.0, 0.00704794], [122528000.0, 0.00924], [122518000.0, 0.2194], [122517000.0, 0.35487533], [122516000.0, 0.00865001]], "asks": [[122587000.0, 0.00014794], [122588000.0, 0.005117], [122590000.0, 0.00081817], [122597000.0, 0.00024531], [122598000.0, 0.00373521], [122599000.0, 0.03372786], [122600000.0, 0.00861535], [122601000.0, 8.173e-05], [122605000.0, 0.00012271], [122608000.0, 5.791e-05]]},
{"timestamp": 1743771616454, "bids": [[122547000.0, 0.00517186], [122546000.0, 0.02425636], [122542000.0, 0.06602781], [122537000.0, 0.00984], [122531000.0, 0.2194], [122530000.0, 0.06602781], [122529000.0, 0.00704794], [122528000.0, 0.00924], [122517000.0, 0.35487533], [122516000.0, 0.00865001]], "asks": [[122587000.0, 0.00014794], [122588000.0, 0.005117], [122590000.0, 0.00081817], [122597000.0, 0.00024531], [122598000.0, 0.00373521], [122599000.0, 0.03372786], [122600000.0, 0.00861535], [122601000.0, 8.173e-05], [122605000.0, 0.00012271], [122608000.0, 5.791e-05]]},
{"timestamp": 1743771616554, "bids": [[122547000.0, 0.00517186], [122546000.0, 0.02425636], [122542000.0, 0.06602781], [122537000.0, 0.00984], [122531000.0, 0.2194], [122529000.0, 0.00704794], [122528000.0, 0.00924], [122517000.0, 0.35487533], [122516000.0, 0.00865001], [122511000.0, 0.00978]], "asks": [[122587000.0, 0.00014794], [122588000.0, 0.005117], [122590000.0, 0.00081817], [122597000.0, 0.00024531], [122598000.0, 0.00373521], [122599000.0, 0.03372786], [122600000.0, 0.00861535], [122601000.0, 8.173e-05], [122605000.0, 0.00012271], [122608000.0, 5.791e-05]]},
{"timestamp": 1743771616654, "bids": [[122547000.0, 0.00517186], [122546000.0, 0.02425636], [122542000.0, 0.06602781], [122537000.0, 0.00984], [122529000.0, 0.00704794], [122528000.0, 0.00924], [122518000.0, 0.2194], [122517000.0, 0.35487533], [122516000.0, 0.00865001], [122511000.0, 0.00978]], "asks": [[122587000.0, 0.00014794], [122588000.0, 0.005117], [122590000.0, 0.00081817], [122597000.0, 0.00024531], [122598000.0, 0.00373521], [122599000.0, 0.03372786], [122600000.0, 0.00861535], [122601000.0, 8.173e-05], [122605000.0, 0.00012271], [122608000.0, 5.791e-05]]},
{"timestamp": 1743771616754, "bids": [[122547000.0, 0.00517186], [122546000.0, 0.02425636], [122542000.0, 0.06602781], [122537000.0, 0.00984], [122530000.0, 0.06602781], [122529000.0, 0.00704794], [122528000.0, 0.00924], [122518000.0, 0.2194], [122517000.0, 0.35487533], [122516000.0, 0.00865001]], "asks": [[122587000.0, 0.00014794], [122588000.0, 0.005117], [122590000.0, 0.00081817], [122597000.0, 0.00024531], [122598000.0, 0.00373521], [122599000.0, 0.03372786], [122600000.0, 0.00861535], [122601000.0, 8.173e-05], [122605000.0, 0.00012271], [122608000.0, 5.791e-05]]},
{"timestamp": 1743771616854, "bids": [[122547000.0, 0.00517186], [122546000.0, 0.02425636], [122542000.0, 0.06602781], [122537000.0, 0.00984], [122531000.0, 0.2194], [122530000.0, 0.06602781], [122529000.0, 0.00704794], [122528000.0, 0.00924], [122517000.0, 0.35487533], [122516000.0, 0.00865001]], "asks": [[122587000.0, 0.00014794], [122588000.0, 0.005117], [122590000.0, 0.00081817], [122597000.0, 0.00024531], [122598000.0, 0.00373521], [122599000.0, 0.03372786], [122600000.0, 0.00861535], [122601000.0, 8.173e-05], [122605000.0, 0.00012271], [122608000.0, 5.791e-05]]},
{"timestamp": 1743771616954, "bids": [[122547000.0, 0.00517186], [122546000.0, 0.02425636], [122542000.0, 0.06602781], [122537000.0, 0.00984], [122531000.0, 0.2194], [122528000.0, 0.00924], [122517000.0, 0.35487533], [122516000.0, 0.00865001], [122511000.0, 0.00978], [122510000.0, 0.09349456]], "asks": [[122587000.0, 0.00014794], [122588000.0, 0.005117], [122590000.0, 0.00081817], [122597000.0, 0.00024531], [122598000.0, 0.00373521], [122599000.0, 0.03372786], [122600000.0, 0.00861535], [122601000.0, 8.173e-05], [122605000.0, 0.00012271], [122608000.0, 5.791e-05]]},
{"timestamp": 1743771617054, "bids": [[122547000.0, 0.00517186], [122546000.0, 0.02425636], [122542000.0, 0.06602781], [122537000.0, 0.00984], [122528000.0, 0.00924], [122518000.0, 0.2194], [122517000.0, 0.35487533], [122516000.0, 0.00865001], [122511000.0, 0.00978], [122510000.0, 0.09349456]], "asks": [[122587000.0, 0.00014794], [122588000.0, 0.005117], [122590000.0, 0.00081817], [122597000.0, 0.00024531], [122598000.0, 0.00373521], [122599000.0, 0.03372786], [122600000.0, 0.00861535], [122601000.0, 8.173e-05], [122605000.0, 0.00012271], [122608000.0, 5.791e-05]]},
{"timestamp": 1743771617154, "bids": [[122547000.0, 0.00517186], [122546000.0, 0.02425636], [122542000.0, 0.06602781], [122537000.0, 0.00984], [122530000.0, 0.06602781], [122529000.0, 0.005117], [122528000.0, 0.00924], [122518000.0, 0.2194], [122517000.0, 0.35487533], [122516000.0, 0.00865001]], "asks": [[122587000.0, 0.00014794], [122588000.0, 0.005117], [122590000.0, 0.00081817], [122597000.0, 0.00024531], [122598000.0, 0.00373521], [122599000.0, 0.03372786], [122600000.0, 0.00861535], [122601000.0, 8.173e-05], [122605000.0, 0.00012271], [122608000.0, 5.791e-05]]},
{"timestamp": 1743771617254, "bids": [[122547000.0, 0.00517186], [122546000.0, 0.02425636], [122542000.0, 0.06602781], [122537000.0, 0.00984], [122531000.0, 0.2194], [122530000.0, 0.06602781], [122529000.0, 0.005117], [122528000.0, 0.00924], [122517000.0, 0.35487533], [122516000.0, 0.00865001]], "asks": [[122587000.0, 0.00014794], [122588000.0, 0.005117], [122590000.0, 0.00081817], [122597000.0, 0.00024531], [122598000.0, 0.00373521], [122599000.0, 0.03372786], [122600000.0, 0.00861535], [122601000.0, 8.173e-05], [122605000.0, 0.00012271], [122608000.0, 5.791e-05]]},
{"timestamp": 1743771617354, "bids": [[122547000.0, 0.00517186], [122546000.0, 0.02425636], [122542000.0, 0.06602781], [122537000.0, 0.00984], [122531000.0, 0.2194], [122529000.0, 0.005117], [122528000.0, 0.00924], [122517000.0, 0.35487533], [122516000.0, 0.00865001], [122511000.0, 0.00978]], "asks": [[122587000.0, 0.00014794], [122588000.0, 0.005117], [122590000.0, 0.00081817], [122597000.0, 0.00024531], [122598000.0, 0.00373521], [122599000.0, 0.03372786], [122600000.0, 0.00861535], [122601000.0, 8.173e-05], [122605000.0, 0.00012271], [122608000.0, 5.791e-05]]},
{"timestamp": 1743771617454, "bids": [[122547000.0, 0.00517186], [122546000.0, 0.02425636], [122542000.0, 0.06602781], [122537000.0, 0.00984], [122529000.0, 0.005117], [122528000.0, 0.00924], [122518000.0, 0.2194], [122517000.0, 0.35487533], [122516000.0, 0.00865001], [122511000.0, 0.00978]], "asks": [[122587000.0, 0.00014794], [122588000.0, 0.005117], [122590000.0, 0.00081817], [122597000.0, 0.00024531], [122598000.0, 0.00373521], [122599000.0, 0.03372786], [122600000.0, 0.00861535], [122601000.0, 8.173e-05], [122605000.0, 0.00012271], [122608000.0, 5.791e-05]]},
{"timestamp": 1743771617554, "bids": [[122547000.0, 0.00517186], [122546000.0, 0.02425636], [122542000.0, 0.06602781], [122537000.0, 0.00984], [122530000.0, 0.06602781], [122529000.0, 0.005117], [122528000.0, 0.00924], [122518000.0, 0.2194], [122517000.0, 0.35487533], [122516000.0, 0.00865001]], "asks": [[122587000.0, 0.00014794], [122588000.0, 0.005117], [122590000.0, 0.00081817], [122597000.0, 0.00024531], [122598000.0, 0.00373521], [122599000.0, 0.03372786], [122600000.0, 0.00861535], [122601000.0, 8.173e-05], [122605000.0, 0.00012271], [122608000.0, 5.791e-05]]},
{"timestamp": 1743771617754, "bids": [[122547000.0, 0.00467147], [122546000.0, 0.02425636], [122542000.0, 0.06602781], [122537000.0, 0.00984], [122530000.0, 0.06602781], [122529000.0, 0.005117], [122528000.0, 0.00924], [122518000.0, 0.2194], [122517000.0, 0.35487533], [122516000.0, 0.00865001]], "asks": [[122587000.0, 0.00014794], [122588000.0, 0.005117], [122590000.0, 0.00081817], [122597000.0, 0.00024531], [122598000.0, 0.00373521], [122599000.0, 0.03372786], [122600000.0, 0.00861535], [122601000.0, 8.173e-05], [122605000.0, 0.00012271], [122608000.0, 5.791e-05]]},
{"timestamp": 1743771617854, "bids": [[122547000.0, 0.00467147], [122546000.0, 0.02425636], [122542000.0, 0.06602781], [122537000.0, 0.00984], [122531000.0, 0.2194], [122530000.0, 0.06602781], [122529000.0, 0.005117], [122528000.0, 0.00924], [122517000.0, 0.35487533], [122516000.0, 0.00865001]], "asks": [[122587000.0, 0.00014794], [122588000.0, 0.005117], [122590000.0, 0.00081817], [122597000.0, 0.00024531], [122598000.0, 0.00373521], [122599000.0, 0.03372786], [122600000.0, 0.00861535], [122601000.0, 8.173e-05], [122605000.0, 0.00012271], [122608000.0, 5.791e-05]]},
{"timestamp": 1743771617954, "bids": [[122547000.0, 0.00467147], [122546000.0, 0.02425636], [122542000.0, 0.06602781], [122537000.0, 0.00984], [122529000.0, 0.005117], [122528000.0, 0.00924], [122517000.0, 0.35487533], [122516000.0, 0.00865001], [122511000.0, 0.00978], [122510000.0, 0.00615456]], "asks": [[122587000.0, 0.00014794], [122588000.0, 0.005117], [122590000.0, 0.00081817], [122597000.0, 0.00024531], [122598000.0, 0.00373521], [122599000.0, 0.03372786], [122600000.0, 0.00861535], [122601000.0, 8.173e-05], [122605000.0, 0.00012271], [122608000.0, 5.791e-05]]},
{"timestamp": 1743771618054, "bids": [[122547000.0, 0.00467147], [122546000.0, 0.02425636], [122542000.0, 0.06602781], [122537000.0, 0.00984], [122529000.0, 0.224517], [122528000.0, 0.00924], [122517000.0, 0.35487533], [122516000.0, 0.00865001], [122511000.0, 0.00978], [122510000.0, 0.00615456]], "asks": [[122587000.0, 0.00014794], [122588000.0, 0.005117], [122590000.0, 0.00081817], [122597000.0, 0.00024531], [122598000.0, 0.00373521], [122599000.0, 0.03372786], [122600000.0, 0.00861535], [122601000.0, 8.173e-05], [122605000.0, 0.00012271], [122608000.0, 5.791e-05]]},
{"timestamp": 1743771618154, "bids": [[122547000.0, 0.00467147], [122546000.0, 0.02425636], [122542000.0, 0.06602781], [122537000.0, 0.00984], [122530000.0, 0.06602781], [122529000.0, 0.224517], [122528000.0, 0.00924], [122517000.0, 0.35487533], [122516000.0, 0.00865001], [122511000.0, 0.00978]], "asks": [[122587000.0, 0.00014794], [122588000.0, 0.005117], [122590000.0, 0.00081817], [122597000.0, 0.00024531], [122598000.0, 0.00373521], [122599000.0, 0.03372786], [122600000.0, 0.00861535], [122601000.0, 8.173e-05], [122605000.0, 0.00012271], [122608000.0, 5.791e-05]]},
{"timestamp": 1743771618254, "bids": [[122547000.0, 0.00424557], [122546000.0, 0.02425636], [122543000.0, 0.2194], [122542000.0, 0.06602781], [122537000.0, 0.00984], [122530000.0, 0.06602781], [122529000.0, 0.005117], [122528000.0, 0.00924], [122517000.0, 0.35487533], [122516000.0, 0.00865001]], "asks": [[122587000.0, 0.00014794], [122588000.0, 0.005117], [122590000.0, 0.00081817], [122597000.0, 0.00024531], [122598000.0, 0.00373521], [122599000.0, 0.03372786], [122600000.0, 0.00861535], [122601000.0, 8.173e-05], [122605000.0, 0.00012271], [122608000.0, 5.791e-05]]},
{"timestamp": 1743771618354, "bids": [[122547000.0, 0.00424557], [122546000.0, 0.02425636], [122543000.0, 0.2194], [122537000.0, 0.00984], [122529000.0, 0.005117], [122528000.0, 0.00924], [122517000.0, 0.35487533], [122516000.0, 0.00865001], [122512000.0, 0.08486], [122511000.0, 0.00978]], "asks": [[122587000.0, 0.00014794], [122588000.0, 0.005117], [122590000.0, 0.00081817], [122597000.0, 0.00024531], [122598000.0, 0.00373521], [122599000.0, 0.03372786], [122600000.0, 0.00861535], [122601000.0, 8.173e-05], [122605000.0, 0.00012271], [122608000.0, 5.791e-05]]},
{"timestamp": 1743771618454, "bids": [[122547000.0, 0.22364557], [122546000.0, 0.02425636], [122537000.0, 0.00984], [122529000.0, 0.005117], [122528000.0, 0.00924], [122517000.0, 0.35487533], [122516000.0, 0.00865001], [122512000.0, 0.08486], [122511000.0, 0.00978], [122510000.0, 0.00615456]], "asks": [[122587000.0, 0.00014794], [122588000.0, 0.005117], [122590000.0, 0.00081817], [122597000.0, 0.00024531], [122598000.0, 0.00373521], [122599000.0, 0.03372786], [122600000.0, 0.00861535], [122601000.0, 8.173e-05], [122605000.0, 0.00012271], [122608000.0, 5.791e-05]]},
{"timestamp": 1743771618654, "bids": [[122547000.0, 0.22364557], [122546000.0, 0.02425636], [122537000.0, 0.00984], [122529000.0, 0.005117], [122528000.0, 0.00924], [122518000.0, 0.08749], [122517000.0, 0.35487533], [122516000.0, 0.00865001], [122511000.0, 0.00978], [122510000.0, 0.00615456]], "asks": [[122587000.0, 0.00014794], [122588000.0, 0.005117], [122590000.0, 0.00081817], [122597000.0, 0.00024531], [122598000.0, 0.00373521], [122599000.0, 0.03372786], [122600000.0, 0.00861535], [122601000.0, 8.173e-05], [122605000.0, 0.00012271], [122608000.0, 5.791e-05]]},
{"timestamp": 1743771618854, "bids": [[122547000.0, 0.00424557], [122546000.0, 0.02425636], [122537000.0, 0.00984], [122529000.0, 0.224517], [122528000.0, 0.00924], [122518000.0, 0.08749], [122517000.0, 0.35487533], [122516000.0, 0.00865001], [122511000.0, 0.00978], [122510000.0, 0.00615456]], "asks": [[122587000.0, 0.00014794], [122588000.0, 0.005117], [122590000.0, 0.00081817], [122597000.0, 0.00024531], [122598000.0, 0.00373521], [122599000.0, 0.03372786], [122600000.0, 0.00861535], [122601000.0, 8.173e-05], [122605000.0, 0.00012271], [122608000.0, 5.791e-05]]},
{"timestamp": 1743771618954, "bids": [[122547000.0, 0.00424557], [122546000.0, 0.02425636], [122537000.0, 0.00984], [122530000.0, 0.06602781], [122529000.0, 0.224517], [122528000.0, 0.00924], [122518000.0, 0.08749], [122517000.0, 0.35487533], [122516000.0, 0.00865001], [122511000.0, 0.00978]], "asks": [[122587000.0, 0.00014794], [122588000.0, 0.005117], [122590000.0, 0.00081817], [122597000.0, 0.00024531], [122598000.0, 0.00373521], [122599000.0, 0.03372786], [122600000.0, 0.00861535], [122601000.0, 8.173e-05], [122605000.0, 0.00012271], [122608000.0, 5.791e-05]]},
{"timestamp": 1743771619054, "bids": [[122547000.0, 0.00424557], [122546000.0, 0.02425636], [122537000.0, 0.00984], [122531000.0, 0.2194], [122530000.0, 0.06602781], [122529000.0, 0.005117], [122528000.0, 0.00924], [122518000.0, 0.08749], [122517000.0, 0.35487533], [122516000.0, 0.00865001]], "asks": [[122587000.0, 0.00014794], [122588000.0, 0.005117], [122590000.0, 0.00081817], [122597000.0, 0.00024531], [122598000.0, 0.00373521], [122599000.0, 0.03372786], [122600000.0, 0.00861535], [122601000.0, 8.173e-05], [122605000.0, 0.00012271], [122608000.0, 5.791e-05]]},
{"timestamp": 1743771619154, "bids": [[122547000.0, 0.22364557], [122546000.0, 0.02425636], [122542000.0, 0.06602781], [122537000.0, 0.00984], [122529000.0, 0.005117], [122528000.0, 0.00924], [122518000.0, 0.08749], [122517000.0, 0.35487533], [122516000.0, 0.00865001], [122511000.0, 0.00978]], "asks": [[122599000.0, 0.03372786], [122600000.0, 0.00861535], [122601000.0, 8.173e-05], [122605000.0, 0.00012271], [122608000.0, 5.791e-05], [122610000.0, 0.10786695], [122613000.0, 0.00032721], [122616000.0, 0.00163599], [122630000.0, 0.00294275], [122644000.0, 0.25233072]]},
{"timestamp": 1743771619254, "bids": [[122549000.0, 0.03328249], [122547000.0, 0.23336557], [122546000.0, 0.02425636], [122542000.0, 0.06602781], [122538000.0, 0.08813], [122537000.0, 0.00984], [122530000.0, 0.35487533], [122529000.0, 0.005117], [122528000.0, 0.00924], [122517000.0, 0.35487533]], "asks": [[122599000.0, 0.03372786], [122600000.0, 0.00861535], [122601000.0, 8.173e-05], [122605000.0, 0.00012271], [122608000.0, 5.791e-05], [122610000.0, 0.10786695], [122613000.0, 0.00032721], [122616000.0, 0.00163599], [122630000.0, 0.00294275], [122644000.0, 0.00013072]]},
{"timestamp": 1743771619354, "bids": [[122550000.0, 0.2185], [122549000.0, 0.0993103], [122547000.0, 0.00972], [122546000.0, 0.02425636], [122542000.0, 0.06602781], [122538000.0, 0.08813], [122537000.0, 0.00984], [122530000.0, 0.35487533], [122529000.0, 0.005117], [122528000.0, 0.00924]], "asks": [[122599000.0, 0.03372786], [122600000.0, 0.00861535], [122601000.0, 8.173e-05], [122605000.0, 0.00012271], [122608000.0, 5.791e-05], [122610000.0, 0.10786695], [122613000.0, 0.00032721], [122616000.0, 0.00163599], [122630000.0, 0.00294275], [122644000.0, 0.00013072]]},
{"timestamp": 1743771619454, "bids": [[122572000.0, 0.35487533], [122556000.0, 0.03389351], [122550000.0, 0.2185], [122549000.0, 0.03328249], [122547000.0, 0.00972], [122546000.0, 0.02425636], [122538000.0, 0.08813], [122537000.0, 0.00984], [122530000.0, 0.35487533], [122529000.0, 0.005117]], "asks": [[122599000.0, 0.03372786], [122600000.0, 0.00861535], [122601000.0, 8.173e-05], [122605000.0, 0.00012271], [122608000.0, 5.791e-05], [122610000.0, 0.10786695], [122613000.0, 0.00032721], [122616000.0, 0.00163599], [122630000.0, 0.00294275], [122644000.0, 0.00013072]]},
{"timestamp": 1743771619554, "bids": [[122573000.0, 0.2185], [122572000.0, 0.35487533], [122556000.0, 0.03389351], [122551000.0, 0.08533], [122550000.0, 0.00424557], [122549000.0, 0.03328249], [122547000.0, 0.00972], [122546000.0, 0.02425636], [122537000.0, 0.00984], [122530000.0, 0.35487533]], "asks": [[122599000.0, 0.01409936], [122600000.0, 0.00861535], [122601000.0, 8.173e-05], [122605000.0, 0.00012271], [122608000.0, 5.791e-05], [122610000.0, 0.10786695], [122613000.0, 0.00032721], [122616000.0, 0.00163599], [122630000.0, 0.00294275], [122644000.0, 0.00013072]]},
{"timestamp": 1743771619654, "bids": [[122573000.0, 0.22274557], [122572000.0, 0.35487533], [122556000.0, 0.03389351], [122551000.0, 0.08533], [122549000.0, 0.03328249], [122547000.0, 0.00972], [122546000.0, 0.02425636], [122537000.0, 0.00984], [122530000.0, 0.35487533], [122529000.0, 0.005117]], "asks": [[122630000.0, 0.00294275], [122644000.0, 0.00013072], [122646000.0, 0.03342955], [122650000.0, 0.00980312], [122652000.0, 0.00040847], [122653000.0, 9.816e-05], [122656000.0, 0.25051691], [122664000.0, 6.47e-05], [122671000.0, 0.00024529], [122676000.0, 0.00024463]]},
{"timestamp": 1743771619754, "bids": [[122573000.0, 0.22274557], [122572000.0, 0.35487533], [122556000.0, 0.03389351], [122551000.0, 0.08533], [122549000.0, 0.03328249], [122547000.0, 0.00972], [122546000.0, 0.02425636], [122537000.0, 0.00984], [122530000.0, 0.35487533], [122529000.0, 0.005117]], "asks": [[122630000.0, 0.00294275], [122644000.0, 0.00013072], [122646000.0, 0.03342955], [122650000.0, 0.00980312], [122652000.0, 0.00040847], [122653000.0, 9.816e-05], [122656000.0, 0.00081691], [122664000.0, 6.47e-05], [122671000.0, 0.00024529], [122676000.0, 0.00024463]]},
{"timestamp": 1743771619854, "bids": [[122573000.0, 0.22274557], [122572000.0, 0.35487533], [122556000.0, 0.03389351], [122549000.0, 0.03328249], [122548000.0, 0.00615265], [122547000.0, 0.00972], [122546000.0, 0.02425636], [122537000.0, 0.00984], [122530000.0, 0.35487533], [122529000.0, 0.005117]], "asks": [[122630000.0, 0.00294275], [122644000.0, 0.00013072], [122646000.0, 0.03342955], [122650000.0, 0.00980312], [122652000.0, 0.00040847], [122653000.0, 9.816e-05], [122656000.0, 0.00081691], [122664000.0, 6.47e-05], [122671000.0, 0.00024529], [122676000.0, 0.00024463]]},
{"timestamp": 1743771619954, "bids": [[122573000.0, 0.22274557], [122572000.0, 0.35487533], [122557000.0, 0.08585], [122556000.0, 0.03389351], [122549000.0, 0.03328249], [122548000.0, 0.00615265], [122547000.0, 0.00972], [122546000.0, 0.02425636], [122537000.0, 0.00984], [122530000.0, 0.35487533]], "asks": [[122630000.0, 0.00294275], [122644000.0, 0.00013072], [122646000.0, 0.03342955], [122650000.0, 0.00980312], [122652000.0, 0.00040847], [122653000.0, 9.816e-05], [122656000.0, 0.00081691], [122664000.0, 6.47e-05], [122671000.0, 0.00024529], [122676000.0, 0.00024463]]},
{"timestamp": 1743771620054, "bids": [[122573000.0, 0.22274557], [122572000.0, 0.35487533], [122557000.0, 0.08585], [122556000.0, 0.03389351], [122549000.0, 0.03328249], [122548000.0, 0.00615265], [122547000.0, 0.00972], [122546000.0, 0.02425636], [122537000.0, 0.00984], [122530000.0, 0.35487533]], "asks": [[122630000.0, 0.00294275], [122644000.0, 0.00013072], [122646000.0, 0.03342955], [122650000.0, 0.00980312], [122652000.0, 0.00040847], [122653000.0, 9.816e-05], [122656000.0, 0.00081691], [122664000.0, 6.47e-05], [122671000.0, 0.00024529], [122676000.0, 0.00024463]]},
